
  <marc:record>
    <marc:leader>05736 am a  004813u     </marc:leader>
    <marc:datafield tag="042" ind1=" " ind2=" ">
      <marc:subfield code="a">dc</marc:subfield>
    </marc:datafield>
    <marc:datafield tag="100" ind1="1" ind2="0">
      <marc:subfield code="a">Flesler, Griselda</marc:subfield>
      <marc:subfield code="e">author</marc:subfield>
    </marc:datafield>
    <marc:datafield tag="245" ind1="0" ind2="0">
      <marc:subfield code="a">Heterotipografía : legitimidad y clasificación tipográfica desde una perspectiva de género</marc:subfield>
    </marc:datafield>
    <marc:datafield tag="260" ind1=" " ind2=" ">
      <marc:subfield code="b">Universidad de Buenos Aires. Facultad de Arquitectura, Diseño y Urbanismo, </marc:subfield>
      <marc:subfield code="c">2021-02-22.</marc:subfield>
    </marc:datafield>
    <marc:datafield tag="500" ind1=" " ind2=" ">
      <marc:subfield code="a">http://repositoriouba.sisbi.uba.ar/gsdl/cgi-bin/library.cgi?a=d&amp;c=aaqmas&amp;cl=CL1&amp;d=HWA_7005</marc:subfield>
    </marc:datafield>
    <marc:datafield tag="520" ind1=" " ind2=" ">
      <marc:subfield code="a">As part of the cultural changes that have taken place in the social sphere that have been taking place in our country in recent years, the discussion about the intersections of the project field with that of feminist and gender studies has become significant. In an incipient way the field of design has broadened its interest and approach in these subjects. Within this framework, we consider it relevant to offer an articulation of the field of typographic design and gender studies. Our goal is to contribute to the critical analysis of the way in which typographic practices produce generated signifiers. This thesis investigates how Type Foundries, far from being mere distributors, collaborate in the production of heteronormativity as part of the classification processes they carry out. That is, they contribute to defining what is feminine and what is masculine, the characteristics that correspond to them differentially, as well as the formal guidelines of what is right and wrong within the framework of the heteronormativity of the design field. We elaborate the concept of ?Heterotype? to define the ways in which typography reproduces and is crossed by heteronormativity. From this approach, feminist criticisms of the "rule canon" of modern design centered on functionality and neutrality are taken up again and, on the other, approaches from gender studies to explain the mechanisms that define and produce norms of cultural intelligibility through which typefaces are recognized and classified generically. Our gender approach in the field of design does not deal with women and their production, but proposes to think about the conditions of project formulation and how the design works as a significant process. In other words, we consider that this work contributes to the formulation of a generic consciousness in the design practice itself and its significant dimension.</marc:subfield>
    </marc:datafield>
    <marc:datafield tag="520" ind1=" " ind2=" ">
      <marc:subfield code="a">Fil: Flesler, Griselda. Universidad de Buenos Aires. Facultad de Arquitectura, Diseño y Urbanismo. Buenos Aires, Argentina</marc:subfield>
    </marc:datafield>
    <marc:datafield tag="520" ind1=" " ind2=" ">
      <marc:subfield code="a">Como parte de los cambios culturales operados en la trama social en nuestro país en los últimos años, la discusión sobre los entrecruzamientos del campo proyectual con el de los estudios feministas y de género se ha tornado significativo. De modo incipiente el campo del diseño ha ampliado su interés y abordaje en estos temas.\nEn este marco, consideramos relevante ofrecer una articulación del campo del diseño tipográfico y los estudios de género. Nuestro objetivo es contribuir al análisis crítico del modo en que las prácticas tipográficas producen significantes generizados. \nEsta tesis indaga cómo las fundidoras tipográficas, lejos de ser meras distribuidoras, colaboran en la producción de heteronormatividad como parte de los procesos clasificatorios que realizan. Se pregunta por cómo contribuyen a definir qué es femenino y qué es masculino, las características que les corresponden diferencialmente, así como también las pautas formales de lo que es correcto e incorrecto dentro del marco de la heteronormatividad del campo del diseño. \nElaboramos el concepto de Heterotipografía para definir las maneras en que la tipografía reproduce y es atravesada por la heteronormatividad. Desde este enfoque, se retoman, por un lado, las críticas feministas al "canon de reglas" del diseño moderno centrado en la funcionalidad y la neutralidad y, por el otro, abordajes desde los estudios de género para explicar los mecanismos que definen y producen normas de inteligibilidad cultural a través de las cuales las tipografías se reconocen y clasifican genéricamente. \nNuestro enfoque de género en el campo del diseño no se ocupa de las mujeres y su producción, sino que propone pensar las condiciones de formulación de los proyectos y el modo en que lo diseñado funciona como proceso significante. En otras palabras, consideramos que este trabajo contribuye a la formulación de una conciencia genérica en la práctica misma del diseño y su dimensión significante.</marc:subfield>
    </marc:datafield>
    <marc:datafield tag="520" ind1=" " ind2=" ">
      <marc:subfield code="a">Magister de la Universidad de Buenos Aires en Diseño Comunicacional</marc:subfield>
    </marc:datafield>
    <marc:datafield tag="540" ind1=" " ind2=" ">
      <marc:subfield code="a">info:eu-repo/semantics/openAccess</marc:subfield>
    </marc:datafield>
    <marc:datafield tag="540" ind1=" " ind2=" ">
      <marc:subfield code="a">https://creativecommons.org/licenses/by-nc-nd/2.5/ar/</marc:subfield>
    </marc:datafield>
    <marc:datafield tag="546" ind1=" " ind2=" ">
      <marc:subfield code="a">spa</marc:subfield>
    </marc:datafield>
    <marc:datafield tag="690" ind1=" " ind2=" ">
      <marc:subfield code="a">Investigación</marc:subfield>
    </marc:datafield>
    <marc:datafield tag="690" ind1=" " ind2=" ">
      <marc:subfield code="a">Diseño gráfico</marc:subfield>
    </marc:datafield>
    <marc:datafield tag="690" ind1=" " ind2=" ">
      <marc:subfield code="a">Comunicación</marc:subfield>
    </marc:datafield>
    <marc:datafield tag="690" ind1=" " ind2=" ">
      <marc:subfield code="a">Teoría</marc:subfield>
    </marc:datafield>
    <marc:datafield tag="690" ind1=" " ind2=" ">
      <marc:subfield code="a">Tipografía</marc:subfield>
    </marc:datafield>
    <marc:datafield tag="690" ind1=" " ind2=" ">
      <marc:subfield code="a">Tipografías</marc:subfield>
    </marc:datafield>
    <marc:datafield tag="690" ind1=" " ind2=" ">
      <marc:subfield code="a">Diseño</marc:subfield>
    </marc:datafield>
    <marc:datafield tag="690" ind1=" " ind2=" ">
      <marc:subfield code="a">Historia</marc:subfield>
    </marc:datafield>
    <marc:datafield tag="690" ind1=" " ind2=" ">
      <marc:subfield code="a">Movimiento moderno</marc:subfield>
    </marc:datafield>
    <marc:datafield tag="690" ind1=" " ind2=" ">
      <marc:subfield code="a">Normas</marc:subfield>
    </marc:datafield>
    <marc:datafield tag="690" ind1=" " ind2=" ">
      <marc:subfield code="a">Género</marc:subfield>
    </marc:datafield>
    <marc:datafield tag="690" ind1=" " ind2=" ">
      <marc:subfield code="a">Sociedad</marc:subfield>
    </marc:datafield>
    <marc:datafield tag="690" ind1=" " ind2=" ">
      <marc:subfield code="a">Cultura</marc:subfield>
    </marc:datafield>
    <marc:datafield tag="690" ind1=" " ind2=" ">
      <marc:subfield code="a">Identidad</marc:subfield>
    </marc:datafield>
    <marc:datafield tag="690" ind1=" " ind2=" ">
      <marc:subfield code="a">Heterosexualidad</marc:subfield>
    </marc:datafield>
    <marc:datafield tag="690" ind1=" " ind2=" ">
      <marc:subfield code="a">Feminismo</marc:subfield>
    </marc:datafield>
    <marc:datafield tag="690" ind1=" " ind2=" ">
      <marc:subfield code="a">Bauhaus</marc:subfield>
    </marc:datafield>
    <marc:datafield tag="655" ind1="7" ind2=" ">
      <marc:subfield code="a">info:eu-repo/semantics/masterThesis</marc:subfield>
      <marc:subfield code="2">local</marc:subfield>
    </marc:datafield>
    <marc:datafield tag="655" ind1="7" ind2=" ">
      <marc:subfield code="a">info:ar-repo/semantics/tesis de maestría</marc:subfield>
      <marc:subfield code="2">local</marc:subfield>
    </marc:datafield>
    <marc:datafield tag="655" ind1="7" ind2=" ">
      <marc:subfield code="a">info:eu-repo/semantics/acceptedVersion</marc:subfield>
      <marc:subfield code="2">local</marc:subfield>
    </marc:datafield>
    <marc:datafield tag="100" ind1="1" ind2="0">
      <marc:subfield code="a">Dagatti, Mariano</marc:subfield>
      <marc:subfield code="e">contributor</marc:subfield>
    </marc:datafield>
    <marc:datafield tag="100" ind1="1" ind2="0">
      <marc:subfield code="a">Zambrini, Laura</marc:subfield>
      <marc:subfield code="e">contributor</marc:subfield>
    </marc:datafield>
    <marc:datafield tag="100" ind1="1" ind2="0">
      <marc:subfield code="a">Fiorini, Daniela</marc:subfield>
      <marc:subfield code="e">contributor</marc:subfield>
    </marc:datafield>
    <marc:datafield tag="100" ind1="1" ind2="0">
      <marc:subfield code="a">Maffia, Diana Helena</marc:subfield>
      <marc:subfield code="e">contributor</marc:subfield>
    </marc:datafield>
    <marc:datafield tag="100" ind1="1" ind2="0">
      <marc:subfield code="a">Rosa, María Laura</marc:subfield>
      <marc:subfield code="e">contributor</marc:subfield>
    </marc:datafield>
    <marc:datafield tag="856" ind1="4" ind2="1">
      <marc:subfield code="u">https://repositoriouba.sisbi.uba.ar/gsdl/collect/aaqmas/index/assoc/HWA_7005.dir/7005.PDF</marc:subfield>
      <marc:subfield code="z">Connect to this object online.</marc:subfield>
    </marc:datafield>
  </marc:record>