
  <marc:record>
    <marc:leader>06601 am a  005293u     </marc:leader>
    <marc:datafield tag="042" ind1=" " ind2=" ">
      <marc:subfield code="a">dc</marc:subfield>
    </marc:datafield>
    <marc:datafield tag="100" ind1="1" ind2="0">
      <marc:subfield code="a">Bedoya Barros, Fernando Sebastián</marc:subfield>
      <marc:subfield code="e">author</marc:subfield>
    </marc:datafield>
    <marc:datafield tag="245" ind1="0" ind2="0">
      <marc:subfield code="a">Organizaciones sociales y proceso de producción de la ciudad latinoamericana : acceso al suelo urbano y desarrollo territorial : el caso del Comité del Pueblo, Quito (1970-2015)</marc:subfield>
    </marc:datafield>
    <marc:datafield tag="260" ind1=" " ind2=" ">
      <marc:subfield code="b">Universidad de Buenos Aires. Facultad de Arquitectura, Diseño y Urbanismo, </marc:subfield>
      <marc:subfield code="c">2019-10-03.</marc:subfield>
    </marc:datafield>
    <marc:datafield tag="500" ind1=" " ind2=" ">
      <marc:subfield code="a">1970-2015</marc:subfield>
    </marc:datafield>
    <marc:datafield tag="500" ind1=" " ind2=" ">
      <marc:subfield code="a">http://repositoriouba.sisbi.uba.ar/gsdl/cgi-bin/library.cgi?a=d&amp;c=aaqmas&amp;cl=CL1&amp;d=HWA_7601</marc:subfield>
    </marc:datafield>
    <marc:datafield tag="520" ind1=" " ind2=" ">
      <marc:subfield code="a">The work which is set in the following pages is formed by four parts.\nThe first one is about the conceptual guide which is the context of the thesis, it is structured by the theoric components defined in the proposed topic, it means, first the production of the city and the access to the soil, recognizing the capitalist model of urbanization, and thru its theoretical - critic development is the social production of the habitat as an alternative way of production of the latin american cities.\nIn the second component of this first part is proposed the theoretical - practical contact with the development of the territory recognizing through the national context the topic studied the different variables which have to be considered to define if the proposed time is correct or not to conclude that in the studied area there was a development process.\nAt last as a third component of this first part it is proposed to identify the social organization situation in the Latin American context, their characteristics and products, at the same time to point the development of this aspect in Ecuador.\nIn the second part of the thesis is developed the methodological structure to get the resources and the definition of the variable analisis of the source work in the study field.\nThe third part of the thesis is the development of the study case which is in "El Comité Del Pueblo" as a part of the urban structure of Quito city besides as a social organization which searched land for poor and popular people. This third part has two components which are: First. A descriptive analisis what "El Comité Del Pueblo" was about as a social organization and the place which it had in the territory; second. A present situation analisis as a reference to the experience of the Social Organization Pro Vivienda Popular Comité del Pueblo which let me establish conclusions according to the theoric components and proposed objectives.\nThe fourth and last part is proposed a set of conclusions as in theoric aspect as in the practical development of the investigation which let verify the hipothesis and objectives set in the thesis.</marc:subfield>
    </marc:datafield>
    <marc:datafield tag="520" ind1=" " ind2=" ">
      <marc:subfield code="a">Fil: Bedoya Barros, Fernando Sebastián. Universidad de Buenos Aires. Facultad de Arquitectura, Diseño y Urbanismo. Buenos Aires, Argentina</marc:subfield>
    </marc:datafield>
    <marc:datafield tag="520" ind1=" " ind2=" ">
      <marc:subfield code="a">El trabajo que se presenta a continuación está constituido por cuatro partes.\nLa primera aborda el marco conceptual sobre el que se fundamenta el argumento del trabajo, estructurado por los componentes teóricos definidos en el tema propuesto; es decir, en primer lugar por: la producción de la ciudad y el acceso al suelo, reconociendo en estos el modelo capitalista de urbanización, y a través de su marco teórico crítico el planteamiento de la producción social del hábitat como forma alternativa de producción de las ciudades latinoamericanas. Como segundo componente, de esta primera parte, se propone la aproximación teórico-práctica del desarrollo territorial, reconociendo a través del contexto nacional del caso de estudio las variables que deberán ser consideradas, para definir si en el período propuesto es posible concluir que en el área de estudio existió un proceso de desarrollo. Como tercer y último componente de esta primera parte se propone identificar la situación de las organizaciones sociales en el contexto latinoamericano, sus características y aportes, así como también precisar el desarrollo de esta temática en el Ecuador.\nEn la segunda parte se realiza el desarrollo de la estructura metodológica, la construcción de la muestra y la definición de las variables de análisis por medio de las que se busca desarrollar el trabajo de campo necesario.\nLa tercera parte del trabajo: el desarrollo del caso de estudio, el Comité del Pueblo, como parte de la estructura urbana de la ciudad de Quito y como organización social que buscó el acceso al suelo para los sectores populares. Esta parte tiene dos componentes: el primero, un análisis descriptivo de lo que fue el Comité del Pueblo como organización y su localización en el territorio; y el segundo, un análisis de la situación actual, con referencia a la experiencia de la Organización Social Pro-Vivienda Popular Comité del Pueblo, a través del cual se busca establecer conclusiones en base a los componentes teóricos y objetivos propuestos.\nEn la cuarta y última parte se propone la elaboración de conclusiones, tanto en el aspecto teórico, como en el desarrollo práctico del caso de estudio; que permitan verificar la hipótesis propuesta y objetivos planteados.</marc:subfield>
    </marc:datafield>
    <marc:datafield tag="520" ind1=" " ind2=" ">
      <marc:subfield code="a">Magister de la Universidad de Buenos Aires en Planificación Urbana y Regional</marc:subfield>
    </marc:datafield>
    <marc:datafield tag="540" ind1=" " ind2=" ">
      <marc:subfield code="a">info:eu-repo/semantics/openAccess</marc:subfield>
    </marc:datafield>
    <marc:datafield tag="540" ind1=" " ind2=" ">
      <marc:subfield code="a">https://creativecommons.org/licenses/by-nc-nd/2.5/ar/</marc:subfield>
    </marc:datafield>
    <marc:datafield tag="546" ind1=" " ind2=" ">
      <marc:subfield code="a">spa</marc:subfield>
    </marc:datafield>
    <marc:datafield tag="690" ind1=" " ind2=" ">
      <marc:subfield code="a">Producción de la ciudad</marc:subfield>
    </marc:datafield>
    <marc:datafield tag="690" ind1=" " ind2=" ">
      <marc:subfield code="a">Acceso al suelo</marc:subfield>
    </marc:datafield>
    <marc:datafield tag="690" ind1=" " ind2=" ">
      <marc:subfield code="a">Desarrollo territorial</marc:subfield>
    </marc:datafield>
    <marc:datafield tag="690" ind1=" " ind2=" ">
      <marc:subfield code="a">Organizaciones sociales</marc:subfield>
    </marc:datafield>
    <marc:datafield tag="690" ind1=" " ind2=" ">
      <marc:subfield code="a">Comité del Pueblo</marc:subfield>
    </marc:datafield>
    <marc:datafield tag="690" ind1=" " ind2=" ">
      <marc:subfield code="a">City production</marc:subfield>
    </marc:datafield>
    <marc:datafield tag="690" ind1=" " ind2=" ">
      <marc:subfield code="a">Soil access</marc:subfield>
    </marc:datafield>
    <marc:datafield tag="690" ind1=" " ind2=" ">
      <marc:subfield code="a">Territory development</marc:subfield>
    </marc:datafield>
    <marc:datafield tag="690" ind1=" " ind2=" ">
      <marc:subfield code="a">Social organization</marc:subfield>
    </marc:datafield>
    <marc:datafield tag="690" ind1=" " ind2=" ">
      <marc:subfield code="a">Comité del Pueblo</marc:subfield>
    </marc:datafield>
    <marc:datafield tag="690" ind1=" " ind2=" ">
      <marc:subfield code="a">Ciudades</marc:subfield>
    </marc:datafield>
    <marc:datafield tag="690" ind1=" " ind2=" ">
      <marc:subfield code="a">Desarrollo urbano</marc:subfield>
    </marc:datafield>
    <marc:datafield tag="690" ind1=" " ind2=" ">
      <marc:subfield code="a">Investigación</marc:subfield>
    </marc:datafield>
    <marc:datafield tag="690" ind1=" " ind2=" ">
      <marc:subfield code="a">Planificación territorial</marc:subfield>
    </marc:datafield>
    <marc:datafield tag="690" ind1=" " ind2=" ">
      <marc:subfield code="a">Suelo urbano</marc:subfield>
    </marc:datafield>
    <marc:datafield tag="690" ind1=" " ind2=" ">
      <marc:subfield code="a">Vivienda</marc:subfield>
    </marc:datafield>
    <marc:datafield tag="690" ind1=" " ind2=" ">
      <marc:subfield code="a">Urbanismo</marc:subfield>
    </marc:datafield>
    <marc:datafield tag="691" ind1=" " ind2=" ">
      <marc:subfield code="a">América Latina</marc:subfield>
    </marc:datafield>
    <marc:datafield tag="691" ind1=" " ind2=" ">
      <marc:subfield code="a">Quito</marc:subfield>
    </marc:datafield>
    <marc:datafield tag="691" ind1=" " ind2=" ">
      <marc:subfield code="a">Ecuador</marc:subfield>
    </marc:datafield>
    <marc:datafield tag="655" ind1="7" ind2=" ">
      <marc:subfield code="a">info:eu-repo/semantics/masterThesis</marc:subfield>
      <marc:subfield code="2">local</marc:subfield>
    </marc:datafield>
    <marc:datafield tag="655" ind1="7" ind2=" ">
      <marc:subfield code="a">info:ar-repo/semantics/tesis de maestría</marc:subfield>
      <marc:subfield code="2">local</marc:subfield>
    </marc:datafield>
    <marc:datafield tag="655" ind1="7" ind2=" ">
      <marc:subfield code="a">info:eu-repo/semantics/acceptedVersion</marc:subfield>
      <marc:subfield code="2">local</marc:subfield>
    </marc:datafield>
    <marc:datafield tag="100" ind1="1" ind2="0">
      <marc:subfield code="a">Carrión, Diego</marc:subfield>
      <marc:subfield code="e">contributor</marc:subfield>
    </marc:datafield>
    <marc:datafield tag="100" ind1="1" ind2="0">
      <marc:subfield code="a">Motta, Martín</marc:subfield>
      <marc:subfield code="e">contributor</marc:subfield>
    </marc:datafield>
    <marc:datafield tag="100" ind1="1" ind2="0">
      <marc:subfield code="a">Cravino, María Cristina</marc:subfield>
      <marc:subfield code="e">contributor</marc:subfield>
    </marc:datafield>
    <marc:datafield tag="100" ind1="1" ind2="0">
      <marc:subfield code="a">Vecslir, Lorena</marc:subfield>
      <marc:subfield code="e">contributor</marc:subfield>
    </marc:datafield>
    <marc:datafield tag="100" ind1="1" ind2="0">
      <marc:subfield code="a">Pisoni, Carlos Adrián</marc:subfield>
      <marc:subfield code="e">contributor</marc:subfield>
    </marc:datafield>
    <marc:datafield tag="856" ind1="4" ind2="1">
      <marc:subfield code="u">https://repositoriouba.sisbi.uba.ar/gsdl/collect/aaqmas/index/assoc/HWA_7601.dir/7601.PDF</marc:subfield>
      <marc:subfield code="z">Connect to this object online.</marc:subfield>
    </marc:datafield>
  </marc:record>