
  <marc:record>
    <marc:leader>05471 am a  004213u     </marc:leader>
    <marc:datafield tag="042" ind1=" " ind2=" ">
      <marc:subfield code="a">dc</marc:subfield>
    </marc:datafield>
    <marc:datafield tag="100" ind1="1" ind2="0">
      <marc:subfield code="a">Mazzeo, Nadia Melisa</marc:subfield>
      <marc:subfield code="e">author</marc:subfield>
    </marc:datafield>
    <marc:datafield tag="245" ind1="0" ind2="0">
      <marc:subfield code="a">Gestión de residuos de construcción y demolición : hacia una integración en el Área Metropolitana de Buenos Aires</marc:subfield>
    </marc:datafield>
    <marc:datafield tag="260" ind1=" " ind2=" ">
      <marc:subfield code="b">Universidad de Buenos Aires. Facultad de Arquitectura, Diseño y Urbanismo, </marc:subfield>
      <marc:subfield code="c">2024-03-06.</marc:subfield>
    </marc:datafield>
    <marc:datafield tag="500" ind1=" " ind2=" ">
      <marc:subfield code="a">http://repositoriouba.sisbi.uba.ar/gsdl/cgi-bin/library.cgi?a=d&amp;c=aaqmas&amp;cl=CL1&amp;d=HWA_7596</marc:subfield>
    </marc:datafield>
    <marc:datafield tag="520" ind1=" " ind2=" ">
      <marc:subfield code="a">Urban built environment management encounters extensive environmental challenges, for example construction and demolition waste (C&amp;DW) management. C&amp;DW presents difficulties associated with their volume and weight, but also to cultural, economic, policy and governance issues. In order to plan a regional C&amp;DW management strategy it is necessary to know how many, and which C&amp;DW are generated, as well as the existing management practices; information which is not frequently available. This research aims to generate information about the dynamics that affect the management of the built environment in urban areas, specifically in its end of life, and suggest guidelines for improving their management. "Área Metropolitana de Buenos Aires" region (AMBA) was analyzed. In AMBA C&amp;DW management entails similar and shared stakeholders, challenges, and opportunities. The most important challenges are the lack of a regional agreement at metropolitan scale and the absence of a traceability system that allows the C&amp;DW movement quantification. A C&amp;DW generation index was developed which can be used to diagnose C&amp;DW generation in AMBA. It was also estimated that 77% of the C&amp;DW that arrived at "Ciudad Autónoma de Buenos Aires" treatment plant were valorized and the rest of them where mainly good, recyclable materials and metals which can be treated if they were segregated at source. This segregation could be achieved through a traceability system which identifies the people responsible for this task and allow giving incentives. In conclusion, C&amp;DW management in AMBA entails significant challenges, but also improvement and innovation opportunities. The implementation of the strategies and tools proposed in this study may allow a more efficient and sustainable C&amp;DW management.</marc:subfield>
    </marc:datafield>
    <marc:datafield tag="520" ind1=" " ind2=" ">
      <marc:subfield code="a">Fil: Mazzeo, Nadia Melisa. Universidad de Buenos Aires. Facultad de Arquitectura, Diseño y Urbanismo. Buenos Aires, Argentina</marc:subfield>
    </marc:datafield>
    <marc:datafield tag="520" ind1=" " ind2=" ">
      <marc:subfield code="a">La gestión del ambiente construido presenta grandes desafíos ambientales, entre ellos los residuos de construcción y demolición (RCD). Estos presentan dificultades asociadas a su gran volumen y peso, pero también a factores culturales, económicos y políticos. Para planificar una gestión regional de RCD es necesario conocer su generación y composición, así como las prácticas vigentes; información no disponible frecuentemente. Este trabajo busca contribuir a generar información sobre las dinámicas que influyen en la gestión del stock construido en áreas urbanas, con mayor énfasis en su fin de vida y proponer lineamientos para mejorar su gestión. Se analizó el caso del Área Metropolitana de Buenos Aires (AMBA), donde la gestión de RCD presenta actores, desafíos y oportunidades similares y compartidos. Los inconvenientes más relevantes son la carencia de un acuerdo institucional a escala metropolitana y de un sistema de trazabilidad para cuantificar los movimientos de RCD dentro de la región. Se estimó un índice de generación de RCD que podría servir para diagnosticar la generación en toda el AMBA. También se estimó que un 77% de los RCD que llegan a la planta de tratamiento de la Ciudad Autónoma de Buenos Aires se valorizan y que los restantes son mayormente maderas, residuos reciclables y metales que podrían tratarse si se separaran en origen. Esta separación podría lograrse a través de la implementación de un sistema de trazabilidad que permita reconocer a quienes realizan la práctica y brindarles incentivos. En conclusión, la gestión de los RCD en el AMBA presenta desafíos significativos, pero también oportunidades para la mejora y la innovación. Con la implementación de las estrategias y herramientas propuestas es posible avanzar hacia una gestión de RCD más eficiente y sostenible.</marc:subfield>
    </marc:datafield>
    <marc:datafield tag="520" ind1=" " ind2=" ">
      <marc:subfield code="a">Magister de la Universidad de Buenos Aires en Planificación Urbana y Regional</marc:subfield>
    </marc:datafield>
    <marc:datafield tag="540" ind1=" " ind2=" ">
      <marc:subfield code="a">info:eu-repo/semantics/openAccess</marc:subfield>
    </marc:datafield>
    <marc:datafield tag="540" ind1=" " ind2=" ">
      <marc:subfield code="a">https://creativecommons.org/licenses/by-nc-nd/2.5/ar/</marc:subfield>
    </marc:datafield>
    <marc:datafield tag="546" ind1=" " ind2=" ">
      <marc:subfield code="a">spa</marc:subfield>
    </marc:datafield>
    <marc:datafield tag="690" ind1=" " ind2=" ">
      <marc:subfield code="a">Áreas metropolitanas</marc:subfield>
    </marc:datafield>
    <marc:datafield tag="690" ind1=" " ind2=" ">
      <marc:subfield code="a">Áreas urbanas</marc:subfield>
    </marc:datafield>
    <marc:datafield tag="690" ind1=" " ind2=" ">
      <marc:subfield code="a">Ciudades</marc:subfield>
    </marc:datafield>
    <marc:datafield tag="690" ind1=" " ind2=" ">
      <marc:subfield code="a">Desarrollo sustentable</marc:subfield>
    </marc:datafield>
    <marc:datafield tag="690" ind1=" " ind2=" ">
      <marc:subfield code="a">Gestión</marc:subfield>
    </marc:datafield>
    <marc:datafield tag="690" ind1=" " ind2=" ">
      <marc:subfield code="a">Investigación</marc:subfield>
    </marc:datafield>
    <marc:datafield tag="690" ind1=" " ind2=" ">
      <marc:subfield code="a">Residuos de construcción y demolición</marc:subfield>
    </marc:datafield>
    <marc:datafield tag="690" ind1=" " ind2=" ">
      <marc:subfield code="a">Sustentabilidad</marc:subfield>
    </marc:datafield>
    <marc:datafield tag="690" ind1=" " ind2=" ">
      <marc:subfield code="a">Urbanismo</marc:subfield>
    </marc:datafield>
    <marc:datafield tag="691" ind1=" " ind2=" ">
      <marc:subfield code="a">Buenos Aires, Ciudad</marc:subfield>
    </marc:datafield>
    <marc:datafield tag="691" ind1=" " ind2=" ">
      <marc:subfield code="a">Buenos Aires, Provincia</marc:subfield>
    </marc:datafield>
    <marc:datafield tag="691" ind1=" " ind2=" ">
      <marc:subfield code="a">Argentina</marc:subfield>
    </marc:datafield>
    <marc:datafield tag="655" ind1="7" ind2=" ">
      <marc:subfield code="a">info:eu-repo/semantics/masterThesis</marc:subfield>
      <marc:subfield code="2">local</marc:subfield>
    </marc:datafield>
    <marc:datafield tag="655" ind1="7" ind2=" ">
      <marc:subfield code="a">info:ar-repo/semantics/tesis de maestría</marc:subfield>
      <marc:subfield code="2">local</marc:subfield>
    </marc:datafield>
    <marc:datafield tag="655" ind1="7" ind2=" ">
      <marc:subfield code="a">info:eu-repo/semantics/acceptedVersion</marc:subfield>
      <marc:subfield code="2">local</marc:subfield>
    </marc:datafield>
    <marc:datafield tag="100" ind1="1" ind2="0">
      <marc:subfield code="a">Pierini, Verónica Inés</marc:subfield>
      <marc:subfield code="e">contributor</marc:subfield>
    </marc:datafield>
    <marc:datafield tag="100" ind1="1" ind2="0">
      <marc:subfield code="a">Semmartin, María Gisela</marc:subfield>
      <marc:subfield code="e">contributor</marc:subfield>
    </marc:datafield>
    <marc:datafield tag="100" ind1="1" ind2="0">
      <marc:subfield code="a">Mesa, Pablo</marc:subfield>
      <marc:subfield code="e">contributor</marc:subfield>
    </marc:datafield>
    <marc:datafield tag="100" ind1="1" ind2="0">
      <marc:subfield code="a">Sánchez, Carolina</marc:subfield>
      <marc:subfield code="e">contributor</marc:subfield>
    </marc:datafield>
    <marc:datafield tag="100" ind1="1" ind2="0">
      <marc:subfield code="a">Lozupone, Miguel</marc:subfield>
      <marc:subfield code="e">contributor</marc:subfield>
    </marc:datafield>
    <marc:datafield tag="856" ind1="4" ind2="1">
      <marc:subfield code="u">https://repositoriouba.sisbi.uba.ar/gsdl/collect/aaqmas/index/assoc/HWA_7596.dir/7596.PDF</marc:subfield>
      <marc:subfield code="z">Connect to this object online.</marc:subfield>
    </marc:datafield>
  </marc:record>