
  <marc:record>
    <marc:leader>05275 am a  003973u     </marc:leader>
    <marc:datafield tag="042" ind1=" " ind2=" ">
      <marc:subfield code="a">dc</marc:subfield>
    </marc:datafield>
    <marc:datafield tag="100" ind1="1" ind2="0">
      <marc:subfield code="a">Lisnovsky, Martín</marc:subfield>
      <marc:subfield code="e">author</marc:subfield>
    </marc:datafield>
    <marc:datafield tag="245" ind1="0" ind2="0">
      <marc:subfield code="a">El universo expandido : la arquitectura en la formación de los ecosistemas productivos digitales</marc:subfield>
    </marc:datafield>
    <marc:datafield tag="260" ind1=" " ind2=" ">
      <marc:subfield code="b">Universidad de Buenos Aires. Facultad de Arquitectura, Diseño y Urbanismo, </marc:subfield>
      <marc:subfield code="c">2023-05-18.</marc:subfield>
    </marc:datafield>
    <marc:datafield tag="500" ind1=" " ind2=" ">
      <marc:subfield code="a">http://repositoriouba.sisbi.uba.ar/gsdl/cgi-bin/library.cgi?a=d&amp;c=aaqmas&amp;cl=CL1&amp;d=HWA_7614</marc:subfield>
    </marc:datafield>
    <marc:datafield tag="520" ind1=" " ind2=" ">
      <marc:subfield code="a">In the last three decades, digital cultures have expanded production capabilities in architecture through a first generation (1990-2010) that was, gradually formed through a common information language, Digital Productive Ecosystems. Since 1940, with the establishment in North America of the Military-Industrial Complex and its university networks, various architecture-linked characters have worked on ideas on information organization, graphical communication strategies, abstractions, diagrams, infrastructure networks, pattern structure, shape organization, serial reproduction models and techniques, large structures, programming, cybernetics, user interactivity, augmented capabilities platforms, architectures such as interface, robotics, animations and graphics operating systems. These contributions allow to recognize the characteristics of the ancestors that will determine, with the massive availability of technology since 1990, the enthusiasm for innovation in the project processes of architecture: an identity born of the capacity of digital tools to design complex morphologies, of protocols to operate with compatibility between the different sectors of the chain's production, the potential of multidisciplinary groups and the ability to apply them in construction at scale. The critical convergence of disciplines and the understanding of the new reality since 2010, drive a period of maturation where once the transition and the change of the operational platform has passed, architecture can begin to reconfigure with a new materiality, with another capacity and on another scale, the constant themes of its relationship with the environment and its position in culture and society.</marc:subfield>
    </marc:datafield>
    <marc:datafield tag="520" ind1=" " ind2=" ">
      <marc:subfield code="a">Fil: Lisnovsky, Martín. Universidad de Buenos Aires. Facultad de Arquitectura, Diseño y Urbanismo. Buenos Aires, Argentina</marc:subfield>
    </marc:datafield>
    <marc:datafield tag="520" ind1=" " ind2=" ">
      <marc:subfield code="a">En las últimas tres décadas, las culturas digitales han expandido las capacidades de producción en la arquitectura a través de una primera generación (1990-2010) que fue conformando, paulatinamente y a través de un lenguaje informativo común, los Ecosistemas Productivos Digitales. Desde 1940, con el establecimiento en Norteamérica del Complejo Militar-Industrial y de sus redes universitarias, diversos personajes ligados a la arquitectura han trabajado en ideas sobre organización de la información, estrategias gráficas de comunicación, abstracciones, diagramas, redes de infraestructura, estructura de patrones, organización de la forma, modelos y técnicas de reproducción en serie, grandes estructuras, programación, cibernética, interactividad con el usuario, plataformas de capacidades aumentadas, arquitecturas como interfaz, robótica, animaciones y sistemas operativos gráficos. Estos aportes permiten reconocer las características de los antecedentes que van a determinar, con la disponibilidad masiva de la tecnología desde 1990, el entusiasmo por la innovación en los procesos proyectuales y productivos de la arquitectura: una identidad que nace de la capacidad de las herramientas digitales para diseñar morfologías complejas, de los protocolos para operar con compatibilidad entre los diferentes sectores de la cadena, del potencial de los colectivos multidisciplinarios y de la habilidad de aplicarlos en la construcción a escala. La convergencia crítica de disciplinas y la comprensión de la nueva realidad desde el 2010, impulsan un período de maduración donde una vez superada la transición y el cambio de la plataforma operativa, la arquitectura puede comenzar a reconfigurar con una nueva materialidad, con otra capacidad y en otra escala, los temas constantes de su relación con el medioambiente y de su posición en la cultura y en la sociedad.</marc:subfield>
    </marc:datafield>
    <marc:datafield tag="520" ind1=" " ind2=" ">
      <marc:subfield code="a">Magister de la Universidad de Buenos Aires en Historia y Crítica de la Arquitectura, el Diseño y el Urbanismo</marc:subfield>
    </marc:datafield>
    <marc:datafield tag="540" ind1=" " ind2=" ">
      <marc:subfield code="a">info:eu-repo/semantics/openAccess</marc:subfield>
    </marc:datafield>
    <marc:datafield tag="540" ind1=" " ind2=" ">
      <marc:subfield code="a">https://creativecommons.org/licenses/by-nc-nd/2.5/ar/</marc:subfield>
    </marc:datafield>
    <marc:datafield tag="546" ind1=" " ind2=" ">
      <marc:subfield code="a">spa</marc:subfield>
    </marc:datafield>
    <marc:datafield tag="690" ind1=" " ind2=" ">
      <marc:subfield code="a">Desarrollo</marc:subfield>
    </marc:datafield>
    <marc:datafield tag="690" ind1=" " ind2=" ">
      <marc:subfield code="a">Diseño</marc:subfield>
    </marc:datafield>
    <marc:datafield tag="690" ind1=" " ind2=" ">
      <marc:subfield code="a">Evolución</marc:subfield>
    </marc:datafield>
    <marc:datafield tag="690" ind1=" " ind2=" ">
      <marc:subfield code="a">Herramientas</marc:subfield>
    </marc:datafield>
    <marc:datafield tag="690" ind1=" " ind2=" ">
      <marc:subfield code="a">Historia</marc:subfield>
    </marc:datafield>
    <marc:datafield tag="690" ind1=" " ind2=" ">
      <marc:subfield code="a">Informática</marc:subfield>
    </marc:datafield>
    <marc:datafield tag="690" ind1=" " ind2=" ">
      <marc:subfield code="a">Ingeniería</marc:subfield>
    </marc:datafield>
    <marc:datafield tag="690" ind1=" " ind2=" ">
      <marc:subfield code="a">Interfaces</marc:subfield>
    </marc:datafield>
    <marc:datafield tag="690" ind1=" " ind2=" ">
      <marc:subfield code="a">Investigación</marc:subfield>
    </marc:datafield>
    <marc:datafield tag="690" ind1=" " ind2=" ">
      <marc:subfield code="a">Redes</marc:subfield>
    </marc:datafield>
    <marc:datafield tag="690" ind1=" " ind2=" ">
      <marc:subfield code="a">Arquitectura</marc:subfield>
    </marc:datafield>
    <marc:datafield tag="655" ind1="7" ind2=" ">
      <marc:subfield code="a">info:eu-repo/semantics/masterThesis</marc:subfield>
      <marc:subfield code="2">local</marc:subfield>
    </marc:datafield>
    <marc:datafield tag="655" ind1="7" ind2=" ">
      <marc:subfield code="a">info:ar-repo/semantics/tesis de maestría</marc:subfield>
      <marc:subfield code="2">local</marc:subfield>
    </marc:datafield>
    <marc:datafield tag="655" ind1="7" ind2=" ">
      <marc:subfield code="a">info:eu-repo/semantics/acceptedVersion</marc:subfield>
      <marc:subfield code="2">local</marc:subfield>
    </marc:datafield>
    <marc:datafield tag="100" ind1="1" ind2="0">
      <marc:subfield code="a">Brandariz, Gustavo</marc:subfield>
      <marc:subfield code="e">contributor</marc:subfield>
    </marc:datafield>
    <marc:datafield tag="100" ind1="1" ind2="0">
      <marc:subfield code="a">Martin Iglesias, Rodrigo</marc:subfield>
      <marc:subfield code="e">contributor</marc:subfield>
    </marc:datafield>
    <marc:datafield tag="100" ind1="1" ind2="0">
      <marc:subfield code="a">Durán, Cecilia</marc:subfield>
      <marc:subfield code="e">contributor</marc:subfield>
    </marc:datafield>
    <marc:datafield tag="100" ind1="1" ind2="0">
      <marc:subfield code="a">Brieva, Melisa</marc:subfield>
      <marc:subfield code="e">contributor</marc:subfield>
    </marc:datafield>
    <marc:datafield tag="856" ind1="4" ind2="1">
      <marc:subfield code="u">https://repositoriouba.sisbi.uba.ar/gsdl/collect/aaqmas/index/assoc/HWA_7614.dir/7614.PDF</marc:subfield>
      <marc:subfield code="z">Connect to this object online.</marc:subfield>
    </marc:datafield>
  </marc:record>