
  <marc:record>
    <marc:leader>04419 am a  003853u     </marc:leader>
    <marc:datafield tag="042" ind1=" " ind2=" ">
      <marc:subfield code="a">dc</marc:subfield>
    </marc:datafield>
    <marc:datafield tag="100" ind1="1" ind2="0">
      <marc:subfield code="a">Baroni, Marcelo Gustavo</marc:subfield>
      <marc:subfield code="e">author</marc:subfield>
    </marc:datafield>
    <marc:datafield tag="245" ind1="0" ind2="0">
      <marc:subfield code="a">Diseño, ficción y cultura : reflexiones sobre el diseño ficción</marc:subfield>
    </marc:datafield>
    <marc:datafield tag="260" ind1=" " ind2=" ">
      <marc:subfield code="b">Universidad de Buenos Aires. Facultad de Arquitectura, Diseño y Urbanismo, </marc:subfield>
      <marc:subfield code="c">2023-06-05.</marc:subfield>
    </marc:datafield>
    <marc:datafield tag="500" ind1=" " ind2=" ">
      <marc:subfield code="a">http://repositoriouba.sisbi.uba.ar/gsdl/cgi-bin/library.cgi?a=d&amp;c=aaqmas&amp;cl=CL1&amp;d=HWA_7586</marc:subfield>
    </marc:datafield>
    <marc:datafield tag="520" ind1=" " ind2=" ">
      <marc:subfield code="a">This research deals with a Speculative Design's subfield called Design Fiction (Dunne and Raby, 2013), a practice that can create a coherent fictional universe where exists a designed prototype in order to create a discursive space (Lindley and Coulton, 2015). Also, this work intends to investigate the different aspects that distinguish Design Fiction as a result of the social recognition of the "culture of design" by a diverse group made up of designers and other cultural agents. Besides, the Design Fiction methods are compared with other perspectives that include First and Second Generation Design Methods, Design Thinking and Speculative Design. This theoretical framework is also complemented by other authors linked to film studies, including Pezzella (2005) his research on the image, the artificial and everyday life, and Monterde (2001) for his conception of the cinematographic, spectatorial device and his notion of diegesis to propose a critical analysis of the Design Fiction's "diegetic prototypes". Finally, the hypothesis that leads this work is that this discipline redefines the design methods, through disciplinary crossovers that allow it to combine notions from film studies thought narrative themes referring to techno-social conflict in the culture of design context.</marc:subfield>
    </marc:datafield>
    <marc:datafield tag="520" ind1=" " ind2=" ">
      <marc:subfield code="a">Fil: Baroni, Marcelo Gustavo. Universidad de Buenos Aires. Facultad de Arquitectura, Diseño y Urbanismo. Buenos Aires, Argentina</marc:subfield>
    </marc:datafield>
    <marc:datafield tag="520" ind1=" " ind2=" ">
      <marc:subfield code="a">Esta investigación se ocupa de un subcampo del Diseño Especulativo denominado Diseño Ficción (Dunne y Raby, 2013), una práctica capaz de crear un universo ficcional coherente en donde existe un prototipo diseñado, con la finalidad de concebir un espacio discursivo (Lindley y Coulton, 2015). Además, se propone indagar en los distintos aspectos que distinguen al Diseño Ficción, como un emergente del reconocimiento social de la "cultura del diseño" por parte de un colectivo diverso integrado por diseñadores y otros agentes culturales. Por otra parte, se compara la metodología del Diseño Ficción con otras perspectivas que incluyen los Métodos de Diseño de Primera y Segunda Generación, el Design Thinking y el Diseño Especulativo. Este encuadre teórico se complementa con otros autores vinculados a los estudios críticos de cine, entre ellos Pezzella (2005) por su investigación sobre la imagen, lo artificial y la cotidianidad y Monterde (2001) por su concepción del dispositivo cinematográfico, espectatorial y su noción de diégesis para proponer un análisis crítico de los "prototipos diegéticos" del Diseño Ficción. Finalmente, la hipótesis que guía este trabajo es que esta disciplina resignifica y reconstruye las maneras tradicionales de entender los métodos de diseño, mediante cruces disciplinares que le permiten incorporar nociones propias del pensamiento sobre cine con temáticas narrativas referidas al conflicto tecnosocial en el contexto de la cultura del diseño.</marc:subfield>
    </marc:datafield>
    <marc:datafield tag="520" ind1=" " ind2=" ">
      <marc:subfield code="a">Magister de la Universidad de Buenos Aires en Diseño Comunicacional</marc:subfield>
    </marc:datafield>
    <marc:datafield tag="540" ind1=" " ind2=" ">
      <marc:subfield code="a">info:eu-repo/semantics/openAccess</marc:subfield>
    </marc:datafield>
    <marc:datafield tag="540" ind1=" " ind2=" ">
      <marc:subfield code="a">https://creativecommons.org/licenses/by-nc-nd/2.5/ar/</marc:subfield>
    </marc:datafield>
    <marc:datafield tag="546" ind1=" " ind2=" ">
      <marc:subfield code="a">spa</marc:subfield>
    </marc:datafield>
    <marc:datafield tag="690" ind1=" " ind2=" ">
      <marc:subfield code="a">Desarrollo</marc:subfield>
    </marc:datafield>
    <marc:datafield tag="690" ind1=" " ind2=" ">
      <marc:subfield code="a">Diseño</marc:subfield>
    </marc:datafield>
    <marc:datafield tag="690" ind1=" " ind2=" ">
      <marc:subfield code="a">Diseño especulativo</marc:subfield>
    </marc:datafield>
    <marc:datafield tag="690" ind1=" " ind2=" ">
      <marc:subfield code="a">Diseño ficción</marc:subfield>
    </marc:datafield>
    <marc:datafield tag="690" ind1=" " ind2=" ">
      <marc:subfield code="a">Innovación</marc:subfield>
    </marc:datafield>
    <marc:datafield tag="690" ind1=" " ind2=" ">
      <marc:subfield code="a">Investigación</marc:subfield>
    </marc:datafield>
    <marc:datafield tag="690" ind1=" " ind2=" ">
      <marc:subfield code="a">Metodologías</marc:subfield>
    </marc:datafield>
    <marc:datafield tag="690" ind1=" " ind2=" ">
      <marc:subfield code="a">Narrativa</marc:subfield>
    </marc:datafield>
    <marc:datafield tag="690" ind1=" " ind2=" ">
      <marc:subfield code="a">Tecnología</marc:subfield>
    </marc:datafield>
    <marc:datafield tag="690" ind1=" " ind2=" ">
      <marc:subfield code="a">Teoría</marc:subfield>
    </marc:datafield>
    <marc:datafield tag="655" ind1="7" ind2=" ">
      <marc:subfield code="a">info:eu-repo/semantics/masterThesis</marc:subfield>
      <marc:subfield code="2">local</marc:subfield>
    </marc:datafield>
    <marc:datafield tag="655" ind1="7" ind2=" ">
      <marc:subfield code="a">info:ar-repo/semantics/tesis de maestría</marc:subfield>
      <marc:subfield code="2">local</marc:subfield>
    </marc:datafield>
    <marc:datafield tag="655" ind1="7" ind2=" ">
      <marc:subfield code="a">info:eu-repo/semantics/acceptedVersion</marc:subfield>
      <marc:subfield code="2">local</marc:subfield>
    </marc:datafield>
    <marc:datafield tag="100" ind1="1" ind2="0">
      <marc:subfield code="a">Russo, Eduardo Adrián</marc:subfield>
      <marc:subfield code="e">contributor</marc:subfield>
    </marc:datafield>
    <marc:datafield tag="100" ind1="1" ind2="0">
      <marc:subfield code="a">Accorinti, Tamara</marc:subfield>
      <marc:subfield code="e">contributor</marc:subfield>
    </marc:datafield>
    <marc:datafield tag="100" ind1="1" ind2="0">
      <marc:subfield code="a">Boschi, Gabriel Orlando</marc:subfield>
      <marc:subfield code="e">contributor</marc:subfield>
    </marc:datafield>
    <marc:datafield tag="100" ind1="1" ind2="0">
      <marc:subfield code="a">Szlifman, Mariel</marc:subfield>
      <marc:subfield code="e">contributor</marc:subfield>
    </marc:datafield>
    <marc:datafield tag="856" ind1="4" ind2="1">
      <marc:subfield code="u">https://repositoriouba.sisbi.uba.ar/gsdl/collect/aaqmas/index/assoc/HWA_7586.dir/7586.PDF</marc:subfield>
      <marc:subfield code="z">Connect to this object online.</marc:subfield>
    </marc:datafield>
  </marc:record>