
  <marc:record>
    <marc:leader>04984 am a  004813u     </marc:leader>
    <marc:datafield tag="042" ind1=" " ind2=" ">
      <marc:subfield code="a">dc</marc:subfield>
    </marc:datafield>
    <marc:datafield tag="100" ind1="1" ind2="0">
      <marc:subfield code="a">Bonzano, María Celeste</marc:subfield>
      <marc:subfield code="e">author</marc:subfield>
    </marc:datafield>
    <marc:datafield tag="245" ind1="0" ind2="0">
      <marc:subfield code="a">La práctica de diseño en espacios de memoria</marc:subfield>
    </marc:datafield>
    <marc:datafield tag="260" ind1=" " ind2=" ">
      <marc:subfield code="b">Universidad de Buenos Aires. Facultad de Arquitectura, Diseño y Urbanismo, </marc:subfield>
      <marc:subfield code="c">2023-05-11.</marc:subfield>
    </marc:datafield>
    <marc:datafield tag="500" ind1=" " ind2=" ">
      <marc:subfield code="a">http://repositoriouba.sisbi.uba.ar/gsdl/cgi-bin/library.cgi?a=d&amp;c=aaqmas&amp;cl=CL1&amp;d=HWA_7587</marc:subfield>
    </marc:datafield>
    <marc:datafield tag="520" ind1=" " ind2=" ">
      <marc:subfield code="a">Towards the end of the 1990s, thanks to social and human rights movements, remembrance actions were promoted in relation to the last period of state terrorism in Argentina, from which emerged (among other manifestations) different strategies for the spatialisation of collective memory. As part of these events, and thanks to the incentive of memory entrepreneurs, spaces and monuments are beginning to be built to commemorate what happened, at the same time as a movement for the recovery of former clandestine detention centres is being generated. Although today there is a large amount of research that addresses this issue from multiple disciplines, a dialogue between the field of memory studies and the praxis of design has not yet been developed. Our aim, therefore, is to put this dialogue into practice and understand how spaces of memory are conceived and materialised from a design approach in order, in a second instance, to consider whether those places in which the praxis of design is involved from their creation are more favourable to work on memory than the authentic sites where the events took place. Taking the Parque de la Memoria - Monumento a las Víctimas del Terrorismo de Estado and the Espacio Memoria y Derechos Humanos [ex ESMA] as a starting point, this thesis analyses the role of design in the configuration of spaces of memory, systematising their design stages. In this way, the aim is to arrive at a possible methodology that allows us to approach the co-design of spaces of memory.</marc:subfield>
    </marc:datafield>
    <marc:datafield tag="520" ind1=" " ind2=" ">
      <marc:subfield code="a">Fil: Bonzano, María Celeste. Universidad de Buenos Aires. Facultad de Arquitectura, Diseño y Urbanismo. Buenos Aires, Argentina</marc:subfield>
    </marc:datafield>
    <marc:datafield tag="520" ind1=" " ind2=" ">
      <marc:subfield code="a">Hacia fines de 1990 se impulsan, gracias a los movimientos sociales y de derechos humanos, políticas de rememoración en relación al último terrorismo de Estado argentino, de las cuales emergen (entre otras manifestaciones) diferentes estrategias de espacialización de la memoria colectiva. Dentro de estos acontecimientos, y gracias al incentivo de emprendedores de la memoria, comienzan a construirse espacios y monumentos que conmemoran lo sucedido, al mismo tiempo que se genera un movimiento de recuperación de ex centros clandestinos de detención. Si bien al día de hoy existe un gran número de investigaciones que abordan esta problemática desde múltiples disciplinas, aún no se ha desarrollado un diálogo entre el campo de los estudios de la memoria y la praxis del diseño. Nuestro objetivo, por tanto, es poner en práctica ese diálogo y comprender de qué modo se conciben y materializan los espacios de memoria desde un enfoque proyectual para, en una segunda instancia, pensar si aquellos lugares en los que la praxis del diseño se involucra desde su creación resultan más favorables para los trabajos sobre la memoria que los sitios auténticos donde ocurrieron los hechos. Tomando como punto de partida el Parque de la Memoria - Monumento a las Víctimas del Terrorismo de Estado y el Espacio Memoria y Derechos Humanos [ex ESMA], esta tesis analiza el rol del diseño en la configuración de espacios de memoria, sistematizando sus etapas proyectuales. De esta manera se pretende arribar a una posible metodología que permita abordar el codiseño de espacios de memoria.</marc:subfield>
    </marc:datafield>
    <marc:datafield tag="520" ind1=" " ind2=" ">
      <marc:subfield code="a">Magister de la Universidad de Buenos Aires en Diseño Comunicacional</marc:subfield>
    </marc:datafield>
    <marc:datafield tag="540" ind1=" " ind2=" ">
      <marc:subfield code="a">info:eu-repo/semantics/openAccess</marc:subfield>
    </marc:datafield>
    <marc:datafield tag="540" ind1=" " ind2=" ">
      <marc:subfield code="a">https://creativecommons.org/licenses/by-nc-nd/2.5/ar/</marc:subfield>
    </marc:datafield>
    <marc:datafield tag="546" ind1=" " ind2=" ">
      <marc:subfield code="a">spa</marc:subfield>
    </marc:datafield>
    <marc:datafield tag="690" ind1=" " ind2=" ">
      <marc:subfield code="a">Arte</marc:subfield>
    </marc:datafield>
    <marc:datafield tag="690" ind1=" " ind2=" ">
      <marc:subfield code="a">Centros clandestinos de detención</marc:subfield>
    </marc:datafield>
    <marc:datafield tag="690" ind1=" " ind2=" ">
      <marc:subfield code="a">Comunicación</marc:subfield>
    </marc:datafield>
    <marc:datafield tag="690" ind1=" " ind2=" ">
      <marc:subfield code="a">Conocimiento proyectual</marc:subfield>
    </marc:datafield>
    <marc:datafield tag="690" ind1=" " ind2=" ">
      <marc:subfield code="a">Derechos humanos</marc:subfield>
    </marc:datafield>
    <marc:datafield tag="690" ind1=" " ind2=" ">
      <marc:subfield code="a">Dictaduras</marc:subfield>
    </marc:datafield>
    <marc:datafield tag="690" ind1=" " ind2=" ">
      <marc:subfield code="a">Diseño</marc:subfield>
    </marc:datafield>
    <marc:datafield tag="690" ind1=" " ind2=" ">
      <marc:subfield code="a">Historia</marc:subfield>
    </marc:datafield>
    <marc:datafield tag="690" ind1=" " ind2=" ">
      <marc:subfield code="a">Homenajes</marc:subfield>
    </marc:datafield>
    <marc:datafield tag="690" ind1=" " ind2=" ">
      <marc:subfield code="a">Investigación</marc:subfield>
    </marc:datafield>
    <marc:datafield tag="690" ind1=" " ind2=" ">
      <marc:subfield code="a">Memoria</marc:subfield>
    </marc:datafield>
    <marc:datafield tag="690" ind1=" " ind2=" ">
      <marc:subfield code="a">Memoriales</marc:subfield>
    </marc:datafield>
    <marc:datafield tag="690" ind1=" " ind2=" ">
      <marc:subfield code="a">Metodología proyectual</marc:subfield>
    </marc:datafield>
    <marc:datafield tag="690" ind1=" " ind2=" ">
      <marc:subfield code="a">Monumentos históricos</marc:subfield>
    </marc:datafield>
    <marc:datafield tag="690" ind1=" " ind2=" ">
      <marc:subfield code="a">Política</marc:subfield>
    </marc:datafield>
    <marc:datafield tag="690" ind1=" " ind2=" ">
      <marc:subfield code="a">Sitios históricos</marc:subfield>
    </marc:datafield>
    <marc:datafield tag="690" ind1=" " ind2=" ">
      <marc:subfield code="a">Teoría</marc:subfield>
    </marc:datafield>
    <marc:datafield tag="690" ind1=" " ind2=" ">
      <marc:subfield code="a">Terrorismo de estado</marc:subfield>
    </marc:datafield>
    <marc:datafield tag="655" ind1="7" ind2=" ">
      <marc:subfield code="a">info:eu-repo/semantics/masterThesis</marc:subfield>
      <marc:subfield code="2">local</marc:subfield>
    </marc:datafield>
    <marc:datafield tag="655" ind1="7" ind2=" ">
      <marc:subfield code="a">info:ar-repo/semantics/tesis de maestría</marc:subfield>
      <marc:subfield code="2">local</marc:subfield>
    </marc:datafield>
    <marc:datafield tag="655" ind1="7" ind2=" ">
      <marc:subfield code="a">info:eu-repo/semantics/acceptedVersion</marc:subfield>
      <marc:subfield code="2">local</marc:subfield>
    </marc:datafield>
    <marc:datafield tag="100" ind1="1" ind2="0">
      <marc:subfield code="a">Durán, Valeria</marc:subfield>
      <marc:subfield code="e">contributor</marc:subfield>
    </marc:datafield>
    <marc:datafield tag="100" ind1="1" ind2="0">
      <marc:subfield code="a">Benitez Allassia, Juan</marc:subfield>
      <marc:subfield code="e">contributor</marc:subfield>
    </marc:datafield>
    <marc:datafield tag="100" ind1="1" ind2="0">
      <marc:subfield code="a">Larralde Armas, Florencia</marc:subfield>
      <marc:subfield code="e">contributor</marc:subfield>
    </marc:datafield>
    <marc:datafield tag="100" ind1="1" ind2="0">
      <marc:subfield code="a">Messina, Luciana Silvia</marc:subfield>
      <marc:subfield code="e">contributor</marc:subfield>
    </marc:datafield>
    <marc:datafield tag="856" ind1="4" ind2="1">
      <marc:subfield code="u">https://repositoriouba.sisbi.uba.ar/gsdl/collect/aaqmas/index/assoc/HWA_7587.dir/7587.PDF</marc:subfield>
      <marc:subfield code="z">Connect to this object online.</marc:subfield>
    </marc:datafield>
  </marc:record>