
  <marc:record>
    <marc:leader>06492 am a  005773u     </marc:leader>
    <marc:datafield tag="042" ind1=" " ind2=" ">
      <marc:subfield code="a">dc</marc:subfield>
    </marc:datafield>
    <marc:datafield tag="100" ind1="1" ind2="0">
      <marc:subfield code="a">Fernández Álvarez, Octavio</marc:subfield>
      <marc:subfield code="e">author</marc:subfield>
    </marc:datafield>
    <marc:datafield tag="245" ind1="0" ind2="0">
      <marc:subfield code="a">Desarrollo urbano desigual y neodesarrollismo : las transformaciones socioterritoriales recientes en Quilmes Este : análisis y estrategias para las políticas urbanas</marc:subfield>
    </marc:datafield>
    <marc:datafield tag="260" ind1=" " ind2=" ">
      <marc:subfield code="b">Universidad de Buenos Aires. Facultad de Arquitectura, Diseño y Urbanismo, </marc:subfield>
      <marc:subfield code="c">2021-07-13.</marc:subfield>
    </marc:datafield>
    <marc:datafield tag="500" ind1=" " ind2=" ">
      <marc:subfield code="a">http://repositoriouba.sisbi.uba.ar/gsdl/cgi-bin/library.cgi?a=d&amp;c=aaqmas&amp;cl=CL1&amp;d=HWA_7583</marc:subfield>
    </marc:datafield>
    <marc:datafield tag="520" ind1=" " ind2=" ">
      <marc:subfield code="a">This thesis has as a general objective to analyze and explain the different socioterritorial transformations produced by urban development in the eastern sector of the municipality of Quilmes during the period 2003-2015, in relation to the more general phenomena -uneven urban development, socio-spatial segregation and territorial fragmentation, among others- of the neoliberal metropolitan restructuring produced in the Latin American metropolises during the last years.\nWe maintain that Quilmes Este experienced an uneven urban development process that aggravated the previous socio-spatial inequalities and reinforced pre-existing socio-spatial fragmentation processes, increasing segregation and exclusion, and consolidating two opposite sectors: "favored" areas and "relegated" areas. These processes raised the levels of social conflict in the municipality, largely because the municipal State adopted a policy of laissez faire in relation to the main economic agents involved, as well as it disengaged from certain management responsibilities, especially with the most vulnerable social sectors.\nWhile uneven urban development is a systemic feature of capitalist cities, these processes have been unleashed with unusual dynamism in eastern Quilmes. We consider that both the speed and the magnitude of the transformations can be understood from the phenomenon of sharpening the commercialization of urban space that brings the neoliberal paradigm in our cities, in which the linkage of financial investments with the real estate market becomes increasingly narrow.\nRegarding the methodological strategy, a quantitative and qualitative approach was carried out, which included the processing of statistical information from official sources and reports from State organizations, direct observation, on-site surveys and elaboration of cartographic material, collection and systematization of specialized publications of the real estate sector, national and local graphic media and official public documents.</marc:subfield>
    </marc:datafield>
    <marc:datafield tag="520" ind1=" " ind2=" ">
      <marc:subfield code="a">Fil: Fernández Álvarez, Octavio. Universidad de Buenos Aires. Facultad de Arquitectura, Diseño y Urbanismo. Buenos Aires, Argentina</marc:subfield>
    </marc:datafield>
    <marc:datafield tag="520" ind1=" " ind2=" ">
      <marc:subfield code="a">Este trabajo se propone como objetivo general analizar y explicar las distintas transformaciones socioterritoriales que produjo el desarrollo urbano en el sector este del municipio de Quilmes, durante el período 2003-2015. Se realiza una interpretación de las mismas en relación a los fenómenos más generales de la reestructuración metropolitana neoliberal producida en las metrópolis latinoamericanas durante los últimos años -desarrollo urbano desigual, segregación socioespacial y fragmentación territorial, entre otros-.\nSostenemos que Quilmes Este experimentó un proceso de desarrollo urbano desigual que agravó las desigualdades socioespaciales previas y reforzó procesos de fragmentación territorial preexistentes, aumentando la segregación y la exclusión, y consolidando dos sectores opuestos: áreas "favorecidas" y áreas "relegadas". Estos procesos elevaron los niveles de conflictividad social en el municipio, en buena parte debido a que el Estado municipal adoptó una política de laissez faire con respecto a los principales agentes económicos involucrados, así como se desligó de ciertas responsabilidades de gestión, especialmente con los sectores sociales más vulnerables.\nSi bien el desarrollo urbano desigual es un rasgo sistémico de las ciudades capitalistas, estos procesos se han desatado con un dinamismo inusual en el este de Quilmes. Consideramos que tanto la velocidad como la magnitud de las transformaciones pueden entenderse a partir del fenómeno de agudización de la mercantilización del espacio urbano que trae aparejado el paradigma neoliberal en nuestras ciudades, en el que la vinculación de las inversiones financieras con el mercado inmobiliario se vuelve cada vez más estrecha.\nEn cuanto a la estrategia metodológica, se realizó un abordaje tanto cuantitativo como cualitativo, que incluyó procesamiento de información estadística de fuentes oficiales e informes de organismos públicos, observación directa, relevamientos in situ y elaboración de material cartográfico, recolección y sistematización de publicaciones especializadas del sector inmobiliario, de medios gráficos de alcance nacional y local y de documentos públicos oficiales.</marc:subfield>
    </marc:datafield>
    <marc:datafield tag="520" ind1=" " ind2=" ">
      <marc:subfield code="a">Magister de la Universidad de Buenos Aires en Planificación Urbana y Regional</marc:subfield>
    </marc:datafield>
    <marc:datafield tag="540" ind1=" " ind2=" ">
      <marc:subfield code="a">info:eu-repo/semantics/openAccess</marc:subfield>
    </marc:datafield>
    <marc:datafield tag="540" ind1=" " ind2=" ">
      <marc:subfield code="a">https://creativecommons.org/licenses/by-nc-nd/2.5/ar/</marc:subfield>
    </marc:datafield>
    <marc:datafield tag="546" ind1=" " ind2=" ">
      <marc:subfield code="a">spa</marc:subfield>
    </marc:datafield>
    <marc:datafield tag="690" ind1=" " ind2=" ">
      <marc:subfield code="a">Barrios cerrados</marc:subfield>
    </marc:datafield>
    <marc:datafield tag="690" ind1=" " ind2=" ">
      <marc:subfield code="a">Capitalismo</marc:subfield>
    </marc:datafield>
    <marc:datafield tag="690" ind1=" " ind2=" ">
      <marc:subfield code="a">Ciudades</marc:subfield>
    </marc:datafield>
    <marc:datafield tag="690" ind1=" " ind2=" ">
      <marc:subfield code="a">Déficit habitacional</marc:subfield>
    </marc:datafield>
    <marc:datafield tag="690" ind1=" " ind2=" ">
      <marc:subfield code="a">Desarrollo urbano</marc:subfield>
    </marc:datafield>
    <marc:datafield tag="690" ind1=" " ind2=" ">
      <marc:subfield code="a">Desigualdad</marc:subfield>
    </marc:datafield>
    <marc:datafield tag="690" ind1=" " ind2=" ">
      <marc:subfield code="a">Exclusión social</marc:subfield>
    </marc:datafield>
    <marc:datafield tag="690" ind1=" " ind2=" ">
      <marc:subfield code="a">Gestión</marc:subfield>
    </marc:datafield>
    <marc:datafield tag="690" ind1=" " ind2=" ">
      <marc:subfield code="a">Impacto ambiental</marc:subfield>
    </marc:datafield>
    <marc:datafield tag="690" ind1=" " ind2=" ">
      <marc:subfield code="a">Investigación</marc:subfield>
    </marc:datafield>
    <marc:datafield tag="690" ind1=" " ind2=" ">
      <marc:subfield code="a">Marginalidad</marc:subfield>
    </marc:datafield>
    <marc:datafield tag="690" ind1=" " ind2=" ">
      <marc:subfield code="a">Mercado inmobiliario</marc:subfield>
    </marc:datafield>
    <marc:datafield tag="690" ind1=" " ind2=" ">
      <marc:subfield code="a">Morfología urbana</marc:subfield>
    </marc:datafield>
    <marc:datafield tag="690" ind1=" " ind2=" ">
      <marc:subfield code="a">Neoliberalismo</marc:subfield>
    </marc:datafield>
    <marc:datafield tag="690" ind1=" " ind2=" ">
      <marc:subfield code="a">Planificación urbana</marc:subfield>
    </marc:datafield>
    <marc:datafield tag="690" ind1=" " ind2=" ">
      <marc:subfield code="a">Proyectos</marc:subfield>
    </marc:datafield>
    <marc:datafield tag="690" ind1=" " ind2=" ">
      <marc:subfield code="a">Sectores sociales</marc:subfield>
    </marc:datafield>
    <marc:datafield tag="690" ind1=" " ind2=" ">
      <marc:subfield code="a">Segregación</marc:subfield>
    </marc:datafield>
    <marc:datafield tag="690" ind1=" " ind2=" ">
      <marc:subfield code="a">Sociología urbana</marc:subfield>
    </marc:datafield>
    <marc:datafield tag="690" ind1=" " ind2=" ">
      <marc:subfield code="a">Territorio</marc:subfield>
    </marc:datafield>
    <marc:datafield tag="690" ind1=" " ind2=" ">
      <marc:subfield code="a">Urbanizaciones</marc:subfield>
    </marc:datafield>
    <marc:datafield tag="690" ind1=" " ind2=" ">
      <marc:subfield code="a">Vivienda</marc:subfield>
    </marc:datafield>
    <marc:datafield tag="690" ind1=" " ind2=" ">
      <marc:subfield code="a">Urbanismo</marc:subfield>
    </marc:datafield>
    <marc:datafield tag="691" ind1=" " ind2=" ">
      <marc:subfield code="a">Argentina</marc:subfield>
    </marc:datafield>
    <marc:datafield tag="691" ind1=" " ind2=" ">
      <marc:subfield code="a">Buenos Aires, Provincia</marc:subfield>
    </marc:datafield>
    <marc:datafield tag="691" ind1=" " ind2=" ">
      <marc:subfield code="a">Quilmes</marc:subfield>
    </marc:datafield>
    <marc:datafield tag="655" ind1="7" ind2=" ">
      <marc:subfield code="a">info:eu-repo/semantics/masterThesis</marc:subfield>
      <marc:subfield code="2">local</marc:subfield>
    </marc:datafield>
    <marc:datafield tag="655" ind1="7" ind2=" ">
      <marc:subfield code="a">info:ar-repo/semantics/tesis de maestría</marc:subfield>
      <marc:subfield code="2">local</marc:subfield>
    </marc:datafield>
    <marc:datafield tag="655" ind1="7" ind2=" ">
      <marc:subfield code="a">info:eu-repo/semantics/acceptedVersion</marc:subfield>
      <marc:subfield code="2">local</marc:subfield>
    </marc:datafield>
    <marc:datafield tag="100" ind1="1" ind2="0">
      <marc:subfield code="a">Vidal-Koppmann, Sonia</marc:subfield>
      <marc:subfield code="e">contributor</marc:subfield>
    </marc:datafield>
    <marc:datafield tag="100" ind1="1" ind2="0">
      <marc:subfield code="a">Rodríguez, María Carla</marc:subfield>
      <marc:subfield code="e">contributor</marc:subfield>
    </marc:datafield>
    <marc:datafield tag="100" ind1="1" ind2="0">
      <marc:subfield code="a">Frediani, Julieta Constanza</marc:subfield>
      <marc:subfield code="e">contributor</marc:subfield>
    </marc:datafield>
    <marc:datafield tag="100" ind1="1" ind2="0">
      <marc:subfield code="a">Motta, Jorge Martín</marc:subfield>
      <marc:subfield code="e">contributor</marc:subfield>
    </marc:datafield>
    <marc:datafield tag="856" ind1="4" ind2="1">
      <marc:subfield code="u">https://repositoriouba.sisbi.uba.ar/gsdl/collect/aaqmas/index/assoc/HWA_7583.dir/7583.PDF</marc:subfield>
      <marc:subfield code="z">Connect to this object online.</marc:subfield>
    </marc:datafield>
  </marc:record>