
  <marc:record>
    <marc:leader>06003 am a  003733u     </marc:leader>
    <marc:datafield tag="042" ind1=" " ind2=" ">
      <marc:subfield code="a">dc</marc:subfield>
    </marc:datafield>
    <marc:datafield tag="100" ind1="1" ind2="0">
      <marc:subfield code="a">Valderrama Bravo, Jaime Marcelo</marc:subfield>
      <marc:subfield code="e">author</marc:subfield>
    </marc:datafield>
    <marc:datafield tag="245" ind1="0" ind2="0">
      <marc:subfield code="a">Tensiones de la Ley Lafkenche y su aplicabilidad en la actual planificación costera de Chile</marc:subfield>
    </marc:datafield>
    <marc:datafield tag="260" ind1=" " ind2=" ">
      <marc:subfield code="b">Universidad de Buenos Aires. Facultad de Arquitectura, Diseño y Urbanismo, </marc:subfield>
      <marc:subfield code="c">2024-04-15.</marc:subfield>
    </marc:datafield>
    <marc:datafield tag="500" ind1=" " ind2=" ">
      <marc:subfield code="a">http://repositoriouba.sisbi.uba.ar/gsdl/cgi-bin/library.cgi?a=d&amp;c=aaqmas&amp;cl=CL1&amp;d=HWA_7602</marc:subfield>
    </marc:datafield>
    <marc:datafield tag="520" ind1=" " ind2=" ">
      <marc:subfield code="a">Law 20.249, also known as the Lafkenche Law, established the Coastal-Marine Spaces of Indigenous Peoples (ECMPO), revealing historical inequalities and conflicts between the Chilean state and coastal indigenous communities. This has exposed tensions resulting from an institutional structure that still needs to address its shortcomings in the territorial planning of coastal areas. This consideration takes into account the current situation in Chile, including an update of the National Coastal Border Use Policy (PNUBC, 1994), a new proposed for a Coastal Law, and a new constitution.\nThis research delved into the socio-territorial tensions triggered by the implementation of this law in three situations. The objective was to identify evaluation criteria that could enhance the integrated management of the coast while respecting indigenous customary rights in Chile. The hypothesis suggested that incorporating analysis from the indigenous perspective, valuing previous governance systems, could improve the resolution of normative conflicts and promote interculturality.\nWith an exploratory approach, the perception of this law among involved stakeholders was evaluated using documentary analysis and semi-structured interviews. The Lafkenche worldview was examined to understand the challenges these communities in coastal regulation and territorial planning.\nThe results demonstrated how this cases interact with coastal planning in Chile, emphasizing the revitalization of cultural practices and the pursuit of inclusion as an opportunity for change. This underscores the need for public policies that bring about social and territorial improvements.\nThe conclusions stood out the importance of involving these communities in coastal planning, illustrating how this Law drives social and territorial governance to uphold indigenous rights. It also emphasized the relevance of collective rights in addressing tensions and achieving sustainable development in the Chilean coastal context, underscoring interculturality and inclusive participation as essential for balancing development and preservation in diverse territories.</marc:subfield>
    </marc:datafield>
    <marc:datafield tag="520" ind1=" " ind2=" ">
      <marc:subfield code="a">Fil: Valderrama Bravo, Jaime Marcelo. Universidad de Buenos Aires. Facultad de Arquitectura, Diseño y Urbanismo. Buenos Aires, Argentina</marc:subfield>
    </marc:datafield>
    <marc:datafield tag="520" ind1=" " ind2=" ">
      <marc:subfield code="a">La Ley 20.249 o Ley Lafkenche, estableció los Espacios Costeros Marinos de Pueblos Originarios (ECMPO), evidenciando históricas desigualdades y conflictos entre el Estado chileno y las comunidades indígenas costeras. Esto ha expuesto las tensiones resultantes de una estructura institucional que aún debe saldar sus deudas en la planificación territorial de zonas costeras, considerando el escenario actual en Chile, con una actualización de la Política Nacional de Uso del Borde Costero (1994), una propuesta de una Ley de Costas y una nueva constitución.\nEsta investigación exploró las tensiones socioterritoriales desencadenadas por la implementación de esta ley en tres casos de estudio. El objetivo fue identificar criterios que pudieran fortalecer la gestión integrada de la costa, respetando los derechos consuetudinarios indígenas en Chile. La hipótesis sugirió que la inclusión de análisis desde la perspectiva indígena, valorando sistemas de gobernanza previos, podrían mejorar la resolución de conflictos normativos y fomentar la interculturalidad.\nDesde un enfoque exploratorio, se evaluó la percepción de esta ley con actores involucrados, mediante análisis documental y entrevistas semiestructuradas, donde la cosmovisión Lafkenche fue revisada para comprender los desafíos de estas comunidades en la regulación y Ordenamiento Territorial costero.\nLos resultados demostraron cómo los casos de estudio interactúan con la planificación costera en Chile, destacando la revitalización de prácticas culturales y la búsqueda de inclusión como una oportunidad para el cambio, subrayando la necesidad de políticas públicas que implementen mejoras desde lo socioterritorial.\nLas conclusiones resaltaron la importancia de incorporar a dichas comunidades en la planificación costera, destacando cómo esta Ley impulsa una gobernanza socioterritorial para valorar los derechos indígenas. También enfatizó la relevancia de los derechos colectivos para abordar tensiones y lograr un desarrollo sostenible en el ámbito costero chileno, destacando la interculturalidad y la participación inclusiva como esenciales para equilibrar desarrollo y preservación en diversos territorios.</marc:subfield>
    </marc:datafield>
    <marc:datafield tag="520" ind1=" " ind2=" ">
      <marc:subfield code="a">Magister de la Universidad de Buenos Aires en Planificación Urbana y Regional</marc:subfield>
    </marc:datafield>
    <marc:datafield tag="540" ind1=" " ind2=" ">
      <marc:subfield code="a">info:eu-repo/semantics/openAccess</marc:subfield>
    </marc:datafield>
    <marc:datafield tag="540" ind1=" " ind2=" ">
      <marc:subfield code="a">https://creativecommons.org/licenses/by-nc-nd/2.5/ar/</marc:subfield>
    </marc:datafield>
    <marc:datafield tag="546" ind1=" " ind2=" ">
      <marc:subfield code="a">spa</marc:subfield>
    </marc:datafield>
    <marc:datafield tag="690" ind1=" " ind2=" ">
      <marc:subfield code="a">Áreas costeras</marc:subfield>
    </marc:datafield>
    <marc:datafield tag="690" ind1=" " ind2=" ">
      <marc:subfield code="a">Inclusión social</marc:subfield>
    </marc:datafield>
    <marc:datafield tag="690" ind1=" " ind2=" ">
      <marc:subfield code="a">Investigación</marc:subfield>
    </marc:datafield>
    <marc:datafield tag="690" ind1=" " ind2=" ">
      <marc:subfield code="a">Legislación</marc:subfield>
    </marc:datafield>
    <marc:datafield tag="690" ind1=" " ind2=" ">
      <marc:subfield code="a">Planificación</marc:subfield>
    </marc:datafield>
    <marc:datafield tag="690" ind1=" " ind2=" ">
      <marc:subfield code="a">Planificación territorial</marc:subfield>
    </marc:datafield>
    <marc:datafield tag="690" ind1=" " ind2=" ">
      <marc:subfield code="a">Pueblos indígenas</marc:subfield>
    </marc:datafield>
    <marc:datafield tag="690" ind1=" " ind2=" ">
      <marc:subfield code="a">Urbanismo</marc:subfield>
    </marc:datafield>
    <marc:datafield tag="691" ind1=" " ind2=" ">
      <marc:subfield code="a">Chile</marc:subfield>
    </marc:datafield>
    <marc:datafield tag="655" ind1="7" ind2=" ">
      <marc:subfield code="a">info:eu-repo/semantics/masterThesis</marc:subfield>
      <marc:subfield code="2">local</marc:subfield>
    </marc:datafield>
    <marc:datafield tag="655" ind1="7" ind2=" ">
      <marc:subfield code="a">info:ar-repo/semantics/tesis de maestría</marc:subfield>
      <marc:subfield code="2">local</marc:subfield>
    </marc:datafield>
    <marc:datafield tag="655" ind1="7" ind2=" ">
      <marc:subfield code="a">info:eu-repo/semantics/acceptedVersion</marc:subfield>
      <marc:subfield code="2">local</marc:subfield>
    </marc:datafield>
    <marc:datafield tag="100" ind1="1" ind2="0">
      <marc:subfield code="a">Martínez Reyes, Carolina</marc:subfield>
      <marc:subfield code="e">contributor</marc:subfield>
    </marc:datafield>
    <marc:datafield tag="100" ind1="1" ind2="0">
      <marc:subfield code="a">Giorno, Marisa</marc:subfield>
      <marc:subfield code="e">contributor</marc:subfield>
    </marc:datafield>
    <marc:datafield tag="100" ind1="1" ind2="0">
      <marc:subfield code="a">Dadon, José</marc:subfield>
      <marc:subfield code="e">contributor</marc:subfield>
    </marc:datafield>
    <marc:datafield tag="100" ind1="1" ind2="0">
      <marc:subfield code="a">Scardino, Marisa</marc:subfield>
      <marc:subfield code="e">contributor</marc:subfield>
    </marc:datafield>
    <marc:datafield tag="856" ind1="4" ind2="1">
      <marc:subfield code="u">https://repositoriouba.sisbi.uba.ar/gsdl/collect/aaqmas/index/assoc/HWA_7602.dir/7602.PDF</marc:subfield>
      <marc:subfield code="z">Connect to this object online.</marc:subfield>
    </marc:datafield>
  </marc:record>