
  <marc:record>
    <marc:leader>05561 am a  004333u     </marc:leader>
    <marc:datafield tag="042" ind1=" " ind2=" ">
      <marc:subfield code="a">dc</marc:subfield>
    </marc:datafield>
    <marc:datafield tag="100" ind1="1" ind2="0">
      <marc:subfield code="a">Amado Silvero, Florencia</marc:subfield>
      <marc:subfield code="e">author</marc:subfield>
    </marc:datafield>
    <marc:datafield tag="245" ind1="0" ind2="0">
      <marc:subfield code="a">La componente estética de la justicia social integral : una aproximación a la obra arquitectónica de la Fundación de ayuda social María Eva Duarte de Perón (1948-1952)</marc:subfield>
    </marc:datafield>
    <marc:datafield tag="260" ind1=" " ind2=" ">
      <marc:subfield code="b">Universidad de Buenos Aires. Facultad de Arquitectura, Diseño y Urbanismo, </marc:subfield>
      <marc:subfield code="c">2023-04-13.</marc:subfield>
    </marc:datafield>
    <marc:datafield tag="500" ind1=" " ind2=" ">
      <marc:subfield code="a">1948-1952</marc:subfield>
    </marc:datafield>
    <marc:datafield tag="500" ind1=" " ind2=" ">
      <marc:subfield code="a">http://repositoriouba.sisbi.uba.ar/gsdl/cgi-bin/library.cgi?a=d&amp;c=aaqmas&amp;cl=CL1&amp;d=HWA_7615</marc:subfield>
    </marc:datafield>
    <marc:datafield tag="520" ind1=" " ind2=" ">
      <marc:subfield code="a">On October 17, 1945, the rules of the game of Argentine politics changed forever. From the arrival of Juan Domingo Perón to the Argentine presidency, and Eva Duarte, to the field of social action; argentine society underwent transcendental changes that would be present in all national cultural production, including architecture. In this way, most of argentine society is divided, grouping behind two political banners: peronismo and anti-peronismo. Both groups, diverse, heterogeneous and even contradictory, will make up the two faces of argentine society, and it is possible to assign aesthetic characteristics to each.\nLikewise, and for the first time in argentine history, a "first lady" takes on importance as a political actor with its own weight, articulating and executing its power through its own institution, which at times will function privately, in others parastatally, from time to time complementary, without ever losing its independent character, and in an innovative way that will bear its name.\nThe Eva Perón Foundation and its director entered the argentine scene at the end of 1948, leaving charity behind to make way for comprehensive social justice; where the aesthetic component, headed by the neocolonial, provokes an architectural dialogue, not without friction, with several fronts. On the one hand, with its otherness, the vestiges of the Charity Society with the ladies of the oligarchy and a combative anti-peronismo and on the other, with members of the peronist government itself, ministers and secretaries, possessors of a strong misogyny, who do not see with good eyes the vertiginous rise of María Eva Duarte de Perón in argentine politics, which will put in check the forms and times of the old politics in matters of social assistance.</marc:subfield>
    </marc:datafield>
    <marc:datafield tag="520" ind1=" " ind2=" ">
      <marc:subfield code="a">Fil: Amado Silvero, Florencia. Universidad de Buenos Aires. Facultad de Arquitectura, Diseño y Urbanismo. Buenos Aires, Argentina</marc:subfield>
    </marc:datafield>
    <marc:datafield tag="520" ind1=" " ind2=" ">
      <marc:subfield code="a">El 17 de octubre de 1945 las reglas del juego de la política argentina cambiaron para siempre. A partir de la llegada de Juan Domingo Perón a la presidencia argentina, y de Eva Duarte, al campo de la acción social; la sociedad argentina sufrió cambios transcendentales que se encontrarían presentes en toda la producción cultural nacional, arquitectura incluida. De esta manera la mayor parte de la sociedad argentina se divide, agrupándose tras dos banderas políticas: el peronismo y el antiperonismo. Ambos grupos, diversos, heterogéneos y contradictorios, compondrán las dos caras de la sociedad argentina, siendo posible asignarle a cada una de ellas, estéticas características.\nAsimismo, y por primera vez en la historia argentina, una "primera dama" toma importancia como actor político de peso propio, articulando y ejecutando su poder a través de una institución específica, la cual funcionará por momentos de manera privada, en otros paraestatalmente, o de manera complementaria, sin perder nunca su carácter independiente, y de forma innovadora que llevará su nombre.\nLa Fundación Eva Perón y su directora entran al escenario argentino a fines de 1948 dejando atrás la beneficencia para darle paso a la justicia social integral; en donde la componente estética, principalmente volcada a los estilos neocoloniales, provoca un diálogo arquitectónico, no exento de roces, con varios frentes. Por una parte, con su alteridad, los vestigios de la Sociedad de Beneficencia con las damas de la oligarquía y un combativo antiperonismo y por otra, con miembros del propio gobierno peronista, ministros y secretarios, poseedores de una fuerte misoginia, quienes no ven con buenos ojos el vertiginoso ascenso de María Eva Duarte de Perón en la política argentina, la cual pondrá en jaque las formas y los tiempos de la vieja política en materia de asistencia social.</marc:subfield>
    </marc:datafield>
    <marc:datafield tag="520" ind1=" " ind2=" ">
      <marc:subfield code="a">Magister de la Universidad de Buenos Aires en Historia y Crítica de la Arquitectura, el Diseño y el Urbanismo</marc:subfield>
    </marc:datafield>
    <marc:datafield tag="540" ind1=" " ind2=" ">
      <marc:subfield code="a">info:eu-repo/semantics/openAccess</marc:subfield>
    </marc:datafield>
    <marc:datafield tag="540" ind1=" " ind2=" ">
      <marc:subfield code="a">https://creativecommons.org/licenses/by-nc-nd/2.5/ar/</marc:subfield>
    </marc:datafield>
    <marc:datafield tag="546" ind1=" " ind2=" ">
      <marc:subfield code="a">spa</marc:subfield>
    </marc:datafield>
    <marc:datafield tag="690" ind1=" " ind2=" ">
      <marc:subfield code="a">Fundación Eva Perón</marc:subfield>
    </marc:datafield>
    <marc:datafield tag="690" ind1=" " ind2=" ">
      <marc:subfield code="a">Eva Duarte</marc:subfield>
    </marc:datafield>
    <marc:datafield tag="690" ind1=" " ind2=" ">
      <marc:subfield code="a">Estética</marc:subfield>
    </marc:datafield>
    <marc:datafield tag="690" ind1=" " ind2=" ">
      <marc:subfield code="a">Arquitectura social</marc:subfield>
    </marc:datafield>
    <marc:datafield tag="690" ind1=" " ind2=" ">
      <marc:subfield code="a">Peronismo</marc:subfield>
    </marc:datafield>
    <marc:datafield tag="690" ind1=" " ind2=" ">
      <marc:subfield code="a">Neocolonial</marc:subfield>
    </marc:datafield>
    <marc:datafield tag="690" ind1=" " ind2=" ">
      <marc:subfield code="a">Arquitectura neocolonial</marc:subfield>
    </marc:datafield>
    <marc:datafield tag="690" ind1=" " ind2=" ">
      <marc:subfield code="a">Diseño</marc:subfield>
    </marc:datafield>
    <marc:datafield tag="690" ind1=" " ind2=" ">
      <marc:subfield code="a">Historia</marc:subfield>
    </marc:datafield>
    <marc:datafield tag="690" ind1=" " ind2=" ">
      <marc:subfield code="a">Investigación</marc:subfield>
    </marc:datafield>
    <marc:datafield tag="690" ind1=" " ind2=" ">
      <marc:subfield code="a">Justicia social</marc:subfield>
    </marc:datafield>
    <marc:datafield tag="690" ind1=" " ind2=" ">
      <marc:subfield code="a">Política</marc:subfield>
    </marc:datafield>
    <marc:datafield tag="690" ind1=" " ind2=" ">
      <marc:subfield code="a">Arquitectura</marc:subfield>
    </marc:datafield>
    <marc:datafield tag="655" ind1="7" ind2=" ">
      <marc:subfield code="a">info:eu-repo/semantics/masterThesis</marc:subfield>
      <marc:subfield code="2">local</marc:subfield>
    </marc:datafield>
    <marc:datafield tag="655" ind1="7" ind2=" ">
      <marc:subfield code="a">info:ar-repo/semantics/tesis de maestría</marc:subfield>
      <marc:subfield code="2">local</marc:subfield>
    </marc:datafield>
    <marc:datafield tag="655" ind1="7" ind2=" ">
      <marc:subfield code="a">info:eu-repo/semantics/acceptedVersion</marc:subfield>
      <marc:subfield code="2">local</marc:subfield>
    </marc:datafield>
    <marc:datafield tag="100" ind1="1" ind2="0">
      <marc:subfield code="a">Martínez Nespral, Fernando Luis</marc:subfield>
      <marc:subfield code="e">contributor</marc:subfield>
    </marc:datafield>
    <marc:datafield tag="100" ind1="1" ind2="0">
      <marc:subfield code="a">Cravino, Ana</marc:subfield>
      <marc:subfield code="e">contributor</marc:subfield>
    </marc:datafield>
    <marc:datafield tag="100" ind1="1" ind2="0">
      <marc:subfield code="a">Petrina, Alberto</marc:subfield>
      <marc:subfield code="e">contributor</marc:subfield>
    </marc:datafield>
    <marc:datafield tag="100" ind1="1" ind2="0">
      <marc:subfield code="a">Noufouri, Hamurabi</marc:subfield>
      <marc:subfield code="e">contributor</marc:subfield>
    </marc:datafield>
    <marc:datafield tag="856" ind1="4" ind2="1">
      <marc:subfield code="u">https://repositoriouba.sisbi.uba.ar/gsdl/collect/aaqmas/index/assoc/HWA_7615.dir/7615.PDF</marc:subfield>
      <marc:subfield code="z">Connect to this object online.</marc:subfield>
    </marc:datafield>
  </marc:record>