
  <marc:record>
    <marc:leader>05394 am a  005893u     </marc:leader>
    <marc:datafield tag="042" ind1=" " ind2=" ">
      <marc:subfield code="a">dc</marc:subfield>
    </marc:datafield>
    <marc:datafield tag="100" ind1="1" ind2="0">
      <marc:subfield code="a">Obispo, Franco Javier</marc:subfield>
      <marc:subfield code="e">author</marc:subfield>
    </marc:datafield>
    <marc:datafield tag="245" ind1="0" ind2="0">
      <marc:subfield code="a">Los enunciados gráficos en la materia Introducción al Conocimiento Proyectual I del Ciclo Básico Común : su rol significante en la transmisión ideológica y metodológica de las cátedras : un análisis del material discursivo significante de las cátedras utilizado durante el primer cuatrimestre del año 2017 en la sede Ciudad Universitaria</marc:subfield>
    </marc:datafield>
    <marc:datafield tag="260" ind1=" " ind2=" ">
      <marc:subfield code="b">Universidad de Buenos Aires. Facultad de Arquitectura, Diseño y Urbanismo, </marc:subfield>
      <marc:subfield code="c">2023-10-23.</marc:subfield>
    </marc:datafield>
    <marc:datafield tag="500" ind1=" " ind2=" ">
      <marc:subfield code="a">2017</marc:subfield>
    </marc:datafield>
    <marc:datafield tag="500" ind1=" " ind2=" ">
      <marc:subfield code="a">http://repositoriouba.sisbi.uba.ar/gsdl/cgi-bin/library.cgi?a=d&amp;c=aaqmas&amp;cl=CL1&amp;d=HWA_7541</marc:subfield>
    </marc:datafield>
    <marc:datafield tag="520" ind1=" " ind2=" ">
      <marc:subfield code="a">This presentation analyzes the graphic statements employed by the university courses of Introducción al Conocimiento Proyectual I, Ciclo Básico Común, UBA, Ciudad Universitaria campus, throughout first term 2017. Graphic statements (tasks/projects) connote every significant material considered as discourse material. Both leading approaches guided this presentation, the field of Design Theory (Arfuch, 1997; Frascara, 1997/2018; Samaja, 1999; Mazzeo y Romano, 2007; Ledesma, 2010; Mazzeo, 2014/2017; Schön, 1992), in which forms of production, function, reception and completion of graphic statements are studied; and the Critical and Cultural theory (Bajtín, 1982; Bookchin, 1982; Foucault, 1980-1988; Castoriadis, 2003-2004; Sabugo, 2014), to explore into several issues which cut across human beings in a variety of contexts. As a result, concept crossing generates specific features which emerge in the materials produced during the course. Similarly, the analysis put forward by Verón (2004) allowed possible viewpoints which stand for ideologic and methodologic insights into the elaboration of graphic statements. The relationship built up between students and statements is researched considering the form-context theory devised by Alexander (1971). In order to achieve the goals already described, we employed tools delivered by the indiciary method developed by Ginzburg (2008); in addition to, we shall argue about De Brasi (1991) and De Quiroga (1990), who provide an insight regarding the "active subject as producer of new knowledge".</marc:subfield>
    </marc:datafield>
    <marc:datafield tag="520" ind1=" " ind2=" ">
      <marc:subfield code="a">Fil: Obispo, Franco Javier. Universidad de Buenos Aires. Facultad de Arquitectura, Diseño y Urbanismo. Buenos Aires, Argentina</marc:subfield>
    </marc:datafield>
    <marc:datafield tag="520" ind1=" " ind2=" ">
      <marc:subfield code="a">El trabajo analiza los enunciados gráficos utilizados por las cátedras de Introducción al Conocimiento Proyectual I del Ciclo Básico Común de la Universidad de Buenos Aires de la sede Ciudad Universitaria en el primer cuatrimestre del año 2017. Enunciados gráficos (ejercicios/trabajos prácticos) en tanto que material significante discursivo. Son dos los enfoques desde donde se realiza la descripción y el análisis del corpus: el campo de la teoría del diseño (Arfuch, 1997; Frascara, 1997/2018; Samaja, 1999; Mazzeo y Romano, 2007; Ledesma, 2010; Mazzeo, 2014/2017; Schön, 1992), en el que se manifiestan las formas de producción, funcionamiento, recepción y materialización de los enunciados; y el enfoque crítico cultural (Bajtín, 1982; Bookchin, 1982; Foucault, 1980-1988; Castoriadis, 2003-2004; Sabugo, 2014), en el que se indaga sobre el ser humano en diferentes contextos de actividad. Mediante el análisis propuesto por Verón (2004), se trazan posibles caminos que establecen los lineamientos ideológicos y metodológicos en la elaboración de los enunciados. La relación entre estudiantes y enunciados se aborda desde la vinculación forma-contexto desarrollada por Alexander (1971). Para estos fines se utiliza el método indiciario desarrollado por Ginzburg (2008). Asimismo, se reflexiona sobre lo expuesto por De Brasi (1991) y De Quiroga (1990) en relación con el sujeto productor de nuevos conocimientos.</marc:subfield>
    </marc:datafield>
    <marc:datafield tag="520" ind1=" " ind2=" ">
      <marc:subfield code="a">Magister de la Universidad de Buenos Aires en Diseño Comunicacional</marc:subfield>
    </marc:datafield>
    <marc:datafield tag="540" ind1=" " ind2=" ">
      <marc:subfield code="a">info:eu-repo/semantics/openAccess</marc:subfield>
    </marc:datafield>
    <marc:datafield tag="540" ind1=" " ind2=" ">
      <marc:subfield code="a">https://creativecommons.org/licenses/by-nc-nd/2.5/ar/</marc:subfield>
    </marc:datafield>
    <marc:datafield tag="546" ind1=" " ind2=" ">
      <marc:subfield code="a">spa</marc:subfield>
    </marc:datafield>
    <marc:datafield tag="690" ind1=" " ind2=" ">
      <marc:subfield code="a">Enunciados gráficos</marc:subfield>
    </marc:datafield>
    <marc:datafield tag="690" ind1=" " ind2=" ">
      <marc:subfield code="a">Conocimiento proyectual</marc:subfield>
    </marc:datafield>
    <marc:datafield tag="690" ind1=" " ind2=" ">
      <marc:subfield code="a">Ideología</marc:subfield>
    </marc:datafield>
    <marc:datafield tag="690" ind1=" " ind2=" ">
      <marc:subfield code="a">Metodología</marc:subfield>
    </marc:datafield>
    <marc:datafield tag="690" ind1=" " ind2=" ">
      <marc:subfield code="a">Enunciación</marc:subfield>
    </marc:datafield>
    <marc:datafield tag="690" ind1=" " ind2=" ">
      <marc:subfield code="a">Forma/contexto</marc:subfield>
    </marc:datafield>
    <marc:datafield tag="690" ind1=" " ind2=" ">
      <marc:subfield code="a">Graphic statements</marc:subfield>
    </marc:datafield>
    <marc:datafield tag="690" ind1=" " ind2=" ">
      <marc:subfield code="a">Projectuality</marc:subfield>
    </marc:datafield>
    <marc:datafield tag="690" ind1=" " ind2=" ">
      <marc:subfield code="a">Ideology</marc:subfield>
    </marc:datafield>
    <marc:datafield tag="690" ind1=" " ind2=" ">
      <marc:subfield code="a">Methodology</marc:subfield>
    </marc:datafield>
    <marc:datafield tag="690" ind1=" " ind2=" ">
      <marc:subfield code="a">Enuntiation</marc:subfield>
    </marc:datafield>
    <marc:datafield tag="690" ind1=" " ind2=" ">
      <marc:subfield code="a">Form/context</marc:subfield>
    </marc:datafield>
    <marc:datafield tag="690" ind1=" " ind2=" ">
      <marc:subfield code="a">Cátedras</marc:subfield>
    </marc:datafield>
    <marc:datafield tag="690" ind1=" " ind2=" ">
      <marc:subfield code="a">Comunicación</marc:subfield>
    </marc:datafield>
    <marc:datafield tag="690" ind1=" " ind2=" ">
      <marc:subfield code="a">Comunicación visual</marc:subfield>
    </marc:datafield>
    <marc:datafield tag="690" ind1=" " ind2=" ">
      <marc:subfield code="a">Diseño</marc:subfield>
    </marc:datafield>
    <marc:datafield tag="690" ind1=" " ind2=" ">
      <marc:subfield code="a">Diseño gráfico</marc:subfield>
    </marc:datafield>
    <marc:datafield tag="690" ind1=" " ind2=" ">
      <marc:subfield code="a">Docentes</marc:subfield>
    </marc:datafield>
    <marc:datafield tag="690" ind1=" " ind2=" ">
      <marc:subfield code="a">Educación universitaria</marc:subfield>
    </marc:datafield>
    <marc:datafield tag="690" ind1=" " ind2=" ">
      <marc:subfield code="a">Enseñanza</marc:subfield>
    </marc:datafield>
    <marc:datafield tag="690" ind1=" " ind2=" ">
      <marc:subfield code="a">Estudiantes</marc:subfield>
    </marc:datafield>
    <marc:datafield tag="690" ind1=" " ind2=" ">
      <marc:subfield code="a">Imagen</marc:subfield>
    </marc:datafield>
    <marc:datafield tag="690" ind1=" " ind2=" ">
      <marc:subfield code="a">Investigación</marc:subfield>
    </marc:datafield>
    <marc:datafield tag="690" ind1=" " ind2=" ">
      <marc:subfield code="a">Teoría</marc:subfield>
    </marc:datafield>
    <marc:datafield tag="691" ind1=" " ind2=" ">
      <marc:subfield code="a">Argentina</marc:subfield>
    </marc:datafield>
    <marc:datafield tag="691" ind1=" " ind2=" ">
      <marc:subfield code="a">Buenos Aires, Ciudad</marc:subfield>
    </marc:datafield>
    <marc:datafield tag="655" ind1="7" ind2=" ">
      <marc:subfield code="a">info:eu-repo/semantics/masterThesis</marc:subfield>
      <marc:subfield code="2">local</marc:subfield>
    </marc:datafield>
    <marc:datafield tag="655" ind1="7" ind2=" ">
      <marc:subfield code="a">info:ar-repo/semantics/tesis de maestría</marc:subfield>
      <marc:subfield code="2">local</marc:subfield>
    </marc:datafield>
    <marc:datafield tag="655" ind1="7" ind2=" ">
      <marc:subfield code="a">info:eu-repo/semantics/acceptedVersion</marc:subfield>
      <marc:subfield code="2">local</marc:subfield>
    </marc:datafield>
    <marc:datafield tag="100" ind1="1" ind2="0">
      <marc:subfield code="a">Mazzeo, Cecilia</marc:subfield>
      <marc:subfield code="e">contributor</marc:subfield>
    </marc:datafield>
    <marc:datafield tag="100" ind1="1" ind2="0">
      <marc:subfield code="a">Bonnin, Juan Eduardo</marc:subfield>
      <marc:subfield code="e">contributor</marc:subfield>
    </marc:datafield>
    <marc:datafield tag="100" ind1="1" ind2="0">
      <marc:subfield code="a">Rizzo, María Florencia</marc:subfield>
      <marc:subfield code="e">contributor</marc:subfield>
    </marc:datafield>
    <marc:datafield tag="100" ind1="1" ind2="0">
      <marc:subfield code="a">Romano, Ana María</marc:subfield>
      <marc:subfield code="e">contributor</marc:subfield>
    </marc:datafield>
    <marc:datafield tag="856" ind1="4" ind2="1">
      <marc:subfield code="u">https://repositoriouba.sisbi.uba.ar/gsdl/collect/aaqmas/index/assoc/HWA_7541.dir/7541.PDF</marc:subfield>
      <marc:subfield code="z">Connect to this object online.</marc:subfield>
    </marc:datafield>
  </marc:record>