
  <marc:record>
    <marc:leader>06261 am a  005053u     </marc:leader>
    <marc:datafield tag="042" ind1=" " ind2=" ">
      <marc:subfield code="a">dc</marc:subfield>
    </marc:datafield>
    <marc:datafield tag="100" ind1="1" ind2="0">
      <marc:subfield code="a">Mazzitelli, María Carla</marc:subfield>
      <marc:subfield code="e">author</marc:subfield>
    </marc:datafield>
    <marc:datafield tag="245" ind1="0" ind2="0">
      <marc:subfield code="a">La letra gestual sistematizada : consideraciones sobre un programa tipográfico de rotulación expresivo, para la identidad del Graphic Design Festival Paris, Francia</marc:subfield>
    </marc:datafield>
    <marc:datafield tag="260" ind1=" " ind2=" ">
      <marc:subfield code="b">Universidad de Buenos Aires. Facultad de Arquitectura, Diseño y Urbanismo, </marc:subfield>
      <marc:subfield code="c">2022-05-10.</marc:subfield>
    </marc:datafield>
    <marc:datafield tag="500" ind1=" " ind2=" ">
      <marc:subfield code="a">http://repositoriouba.sisbi.uba.ar/gsdl/cgi-bin/library.cgi?a=d&amp;c=aaqmas&amp;cl=CL1&amp;d=HWA_6984</marc:subfield>
    </marc:datafield>
    <marc:datafield tag="520" ind1=" " ind2=" ">
      <marc:subfield code="a">Within the context of an expressive display typeface classification scheme, the handmade letterform can be considered an alternative of visual communication to constitute identity within the field of typography.\nThe gesture as a unique and unrepeatable graphic manifestation -even strengthened by the reactionary impulse of certain historical contexts- offers a particular intention to resolve signs. The uniqueness of the handmade letterform can be perceived from the imprint granted by the artist along with the techniques used. These conditions allow the designer to take distance from the standardized universe of the digital era and recognize himself as the author of his own work.\nThe study of the Découpe typographic program is based on the development of three expressive display fonts that involve a series of strategic communication pieces designed for the institutional identity of the Graphic Design Festival Paris -an international meeting based in France that disseminates graphic design in all their forms. This study will seek to investigate the subjective conception applied to typeface design and how the particular features of the expressive handmade sign can be sustained, in the face of the systematization proposed by typeface design and the concept of the program that operates in the approach of visual identities.\nTaking this central idea as point of departure, considerations will be approached from a semiological and historical perspective: the multiple senses of the visual message, the voices that inhabit it, the rupture of the universal in pursuit of the deconstructive development of singular identities -or their inclusion, as it is the case of the Qom or Toba community. Creative role models whose ideas and graphic explorations have influenced the design of Découpe, as well as the subsequent visual applications and uses of the program, will also be cited.\nThe research will be nurtured by a plurality of disciplinary contributions with the aim of exploring, putting in crisis and also in value, the scope of the new typographic project and its consequent visual identity development.</marc:subfield>
    </marc:datafield>
    <marc:datafield tag="520" ind1=" " ind2=" ">
      <marc:subfield code="a">Fil: Mazzitelli, María Carla. Universidad de Buenos Aires. Facultad de Arquitectura, Diseño y Urbanismo. Buenos Aires, Argentina</marc:subfield>
    </marc:datafield>
    <marc:datafield tag="520" ind1=" " ind2=" ">
      <marc:subfield code="a">En el marco de un esquema de clasificación display o de rotulación expresivo, la letra hecha a mano puede considerarse una alternativa de comunicación visual para constituir identidad dentro del campo de la tipografía.\nLa gestualidad en tanto manifestación gráfica única e irrepetible -incluso fortalecida desde el impulso reaccionario de determinados contextos históricos-, propone una particular intención de resolución de signos. La singularidad de la letra hecha a mano puede pensarse desde la impronta que le otorgue el artista junto con las técnicas utilizadas; condiciones que permiten al diseñador tomar distancia para recortarse del universo estandarizado de la era digital, reconociéndose como autor de su propia obra. \nEl estudio del programa tipográfico Découpe, basado en el desarrollo de tres variables de rotulación expresivas que intervienen una serie de piezas comunicacionales estratégicas pensadas para la identidad institucional del Graphic Design Festival Paris -un encuentro internacional con sede en Francia que difunde al diseño gráfico en todas sus formas-, buscará indagar sobre la concepción subjetiva aplicada al diseño tipográfico y a cómo pueden sostenerse los rasgos particulares del signo expresivo hecho a mano, frente a la sistematización que propone el diseño de fuentes y al concepto de programa que opera en el abordaje de las identidades visuales. \nA partir de esta idea central se acercarán consideraciones desde una perspectiva semiológica e histórica: los múltiples sentidos del mensaje visual, las voces que lo habitan, la ruptura de lo universal en pos del desarrollo deconstructivo de identidades singulares -o de su inclusión, como es el caso de la comunidad qom o toba-. También se citarán referentes visuales cuyas ideas y exploraciones gráficas han influido en el diseño de Découpe así como también, en las posteriores aplicaciones y usos del programa. \nEl planteo de la investigación será atravesado por una pluralidad de aportes disciplinares para explorar, poner en crisis y también poner en valor, los alcances del nuevo proyecto tipográfico y su consecuente desarrollo visual identitario.</marc:subfield>
    </marc:datafield>
    <marc:datafield tag="520" ind1=" " ind2=" ">
      <marc:subfield code="a">Magister de la Universidad de Buenos Aires en Tipografía</marc:subfield>
    </marc:datafield>
    <marc:datafield tag="540" ind1=" " ind2=" ">
      <marc:subfield code="a">info:eu-repo/semantics/openAccess</marc:subfield>
    </marc:datafield>
    <marc:datafield tag="540" ind1=" " ind2=" ">
      <marc:subfield code="a">https://creativecommons.org/licenses/by-nc-nd/2.5/ar/</marc:subfield>
    </marc:datafield>
    <marc:datafield tag="546" ind1=" " ind2=" ">
      <marc:subfield code="a">spa</marc:subfield>
    </marc:datafield>
    <marc:datafield tag="690" ind1=" " ind2=" ">
      <marc:subfield code="a">Tipografía</marc:subfield>
    </marc:datafield>
    <marc:datafield tag="690" ind1=" " ind2=" ">
      <marc:subfield code="a">Display</marc:subfield>
    </marc:datafield>
    <marc:datafield tag="690" ind1=" " ind2=" ">
      <marc:subfield code="a">Expresiva</marc:subfield>
    </marc:datafield>
    <marc:datafield tag="690" ind1=" " ind2=" ">
      <marc:subfield code="a">Identidad</marc:subfield>
    </marc:datafield>
    <marc:datafield tag="690" ind1=" " ind2=" ">
      <marc:subfield code="a">Singular</marc:subfield>
    </marc:datafield>
    <marc:datafield tag="690" ind1=" " ind2=" ">
      <marc:subfield code="a">Sistema</marc:subfield>
    </marc:datafield>
    <marc:datafield tag="690" ind1=" " ind2=" ">
      <marc:subfield code="a">Ruptura</marc:subfield>
    </marc:datafield>
    <marc:datafield tag="690" ind1=" " ind2=" ">
      <marc:subfield code="a">Typography</marc:subfield>
    </marc:datafield>
    <marc:datafield tag="690" ind1=" " ind2=" ">
      <marc:subfield code="a">Display</marc:subfield>
    </marc:datafield>
    <marc:datafield tag="690" ind1=" " ind2=" ">
      <marc:subfield code="a">Expressive</marc:subfield>
    </marc:datafield>
    <marc:datafield tag="690" ind1=" " ind2=" ">
      <marc:subfield code="a">Identity</marc:subfield>
    </marc:datafield>
    <marc:datafield tag="690" ind1=" " ind2=" ">
      <marc:subfield code="a">Singular</marc:subfield>
    </marc:datafield>
    <marc:datafield tag="690" ind1=" " ind2=" ">
      <marc:subfield code="a">System</marc:subfield>
    </marc:datafield>
    <marc:datafield tag="690" ind1=" " ind2=" ">
      <marc:subfield code="a">Rupture</marc:subfield>
    </marc:datafield>
    <marc:datafield tag="690" ind1=" " ind2=" ">
      <marc:subfield code="a">Investigación</marc:subfield>
    </marc:datafield>
    <marc:datafield tag="690" ind1=" " ind2=" ">
      <marc:subfield code="a">Diseño gráfico</marc:subfield>
    </marc:datafield>
    <marc:datafield tag="690" ind1=" " ind2=" ">
      <marc:subfield code="a">Teoría</marc:subfield>
    </marc:datafield>
    <marc:datafield tag="690" ind1=" " ind2=" ">
      <marc:subfield code="a">Técnicas</marc:subfield>
    </marc:datafield>
    <marc:datafield tag="690" ind1=" " ind2=" ">
      <marc:subfield code="a">Comunicación visual</marc:subfield>
    </marc:datafield>
    <marc:datafield tag="690" ind1=" " ind2=" ">
      <marc:subfield code="a">Identificación visual</marc:subfield>
    </marc:datafield>
    <marc:datafield tag="655" ind1="7" ind2=" ">
      <marc:subfield code="a">info:eu-repo/semantics/masterThesis</marc:subfield>
      <marc:subfield code="2">local</marc:subfield>
    </marc:datafield>
    <marc:datafield tag="655" ind1="7" ind2=" ">
      <marc:subfield code="a">info:ar-repo/semantics/tesis de maestría</marc:subfield>
      <marc:subfield code="2">local</marc:subfield>
    </marc:datafield>
    <marc:datafield tag="655" ind1="7" ind2=" ">
      <marc:subfield code="a">info:eu-repo/semantics/acceptedVersion</marc:subfield>
      <marc:subfield code="2">local</marc:subfield>
    </marc:datafield>
    <marc:datafield tag="100" ind1="1" ind2="0">
      <marc:subfield code="a">Salomone, Pablo</marc:subfield>
      <marc:subfield code="e">contributor</marc:subfield>
    </marc:datafield>
    <marc:datafield tag="100" ind1="1" ind2="0">
      <marc:subfield code="a">Ledesma, María del Valle</marc:subfield>
      <marc:subfield code="e">contributor</marc:subfield>
    </marc:datafield>
    <marc:datafield tag="100" ind1="1" ind2="0">
      <marc:subfield code="a">Gorricho, Martín</marc:subfield>
      <marc:subfield code="e">contributor</marc:subfield>
    </marc:datafield>
    <marc:datafield tag="100" ind1="1" ind2="0">
      <marc:subfield code="a">Silberleib, Natalia</marc:subfield>
      <marc:subfield code="e">contributor</marc:subfield>
    </marc:datafield>
    <marc:datafield tag="856" ind1="4" ind2="1">
      <marc:subfield code="u">https://repositoriouba.sisbi.uba.ar/gsdl/collect/aaqmas/index/assoc/HWA_6984.dir/6984.PDF</marc:subfield>
      <marc:subfield code="z">Connect to this object online.</marc:subfield>
    </marc:datafield>
  </marc:record>