
  <marc:record>
    <marc:leader>05293 am a  004693u     </marc:leader>
    <marc:datafield tag="042" ind1=" " ind2=" ">
      <marc:subfield code="a">dc</marc:subfield>
    </marc:datafield>
    <marc:datafield tag="100" ind1="1" ind2="0">
      <marc:subfield code="a">Sorondo Cosio, Martin</marc:subfield>
      <marc:subfield code="e">author</marc:subfield>
    </marc:datafield>
    <marc:datafield tag="245" ind1="0" ind2="0">
      <marc:subfield code="a">Área Metropolitana de Montevideo, nodo estratégico en las dinámicas logísticas regionales</marc:subfield>
    </marc:datafield>
    <marc:datafield tag="260" ind1=" " ind2=" ">
      <marc:subfield code="b">Universidad de Buenos Aires. Facultad de Arquitectura, Diseño y Urbanismo, </marc:subfield>
      <marc:subfield code="c">2014-10-17.</marc:subfield>
    </marc:datafield>
    <marc:datafield tag="500" ind1=" " ind2=" ">
      <marc:subfield code="a">http://repositoriouba.sisbi.uba.ar/gsdl/cgi-bin/library.cgi?a=d&amp;c=aaqmas&amp;cl=CL1&amp;d=HWA_7365</marc:subfield>
    </marc:datafield>
    <marc:datafield tag="520" ind1=" " ind2=" ">
      <marc:subfield code="a">Fil: Sorondo Cosio, Martin. Universidad de Buenos Aires. Facultad de Arquitectura, Diseño y Urbanismo. Buenos Aires, Argentina</marc:subfield>
    </marc:datafield>
    <marc:datafield tag="520" ind1=" " ind2=" ">
      <marc:subfield code="a">El sostenido proceso de globalización, de integración económica y territorial en los países de América Latina estaría conduciendo a un gradual acrecentamiento en la competitividad y posicionamiento de las ciudades. En este sentido gobiernos nacionales y locales que buscan su inclusión en el nuevo mapa mundial, que conciben de alguna manera a la ciudad como mercado, recurren a ella como medio de persuasión para cautivar consumidores e inversionistas. En consecuencia, se desarrollan estrategias de grandes proyectos e intervenciones urbanísticas tendientes a lograr jerarquías urbanas, intentando ascender o posicionarse en el ranking de ciudades con mejores aptitudes. \nEn ciudades costeras, los puertos están adquiriendo cada vez mayor relevancia al pasar a integrar redes productivas como nodos de flujos internacionales de personas y servicios, integrantes de una malla globalizada. En estas extensas redes de producción, desarrollo y distribución, el puerto asume un rol que determina las relaciones y vínculos entre lo local, regional y global.\nEn este marco, el estudio se enfocará en la posibilidad de la República Oriental del Uruguay de transformarse en un centro de distribución regional, y del Área Metropolitana de Montevideo (AMM) en uno de los nodos principales de la red global comercial de esta región. Se analizarán los últimos documentos y avances en instrumentos de planificación y proyectos en marcha, los cuales contribuirán a vislumbrar el creciente posicionamiento de esta metrópolis como nodo estratégico de las dinámicas logísticas regionales.\nSe ha apreciado en los últimos años un significativo aumento de las exportaciones, en particular del sector agroindustrial. Este crecimiento trae consigo un incremento del transporte y las comunicaciones que conjuntamente con la necesidad de un mayor intercambio se constituirán en variables muy importantes para la planificación del territorio. Estas grandes transformaciones vinculadas a cambios en el transporte, en la informática y otros, establecerá las relaciones de las ciudades con sus espacios tanto urbanos como periféricos.\nEl objetivo general de la investigación es realizar un análisis crítico y valorativo del sistema de redes de transporte terrestre y portuario del Área Metropolitana. Observar el estado de las infraestructuras en cuanto a la prestación de servicios de logística, almacenamiento y transporte con relación a las demandas existentes y su interrelación con los procesos de planificación territoriales de forma sustentables. Verificar si estas demandas actuales y las proyecciones a futuro exigirán mayores superficies en esta metrópolis, así como una mejor calidad de infraestructuras y servicios.\nSe considerará y destacará la importancia de interpretar la gravitación que ha tenido Montevideo y el AM en la región en la que se encuentra inserta, dada su vocación original, su evolución en el tiempo y su posicionamiento estratégico actual frente a otras metrópolis y territorios de la región, así como sus perspectivas de desarrollo a futuro. El trabajo es abordado en tres escalas de análisis: supranacional, regional y urbana-metropolitana a fin de intentar conocer requerimientos actuales y perspectivas del sector en un escenario de crecimiento sostenido.</marc:subfield>
    </marc:datafield>
    <marc:datafield tag="520" ind1=" " ind2=" ">
      <marc:subfield code="a">Magister de la Universidad de Buenos Aires en Planificación Urbana y Regional</marc:subfield>
    </marc:datafield>
    <marc:datafield tag="540" ind1=" " ind2=" ">
      <marc:subfield code="a">info:eu-repo/semantics/openAccess</marc:subfield>
    </marc:datafield>
    <marc:datafield tag="540" ind1=" " ind2=" ">
      <marc:subfield code="a">http://creativecommons.org/licenses/by-nc-nd/2.5/ar/</marc:subfield>
    </marc:datafield>
    <marc:datafield tag="546" ind1=" " ind2=" ">
      <marc:subfield code="a">spa</marc:subfield>
    </marc:datafield>
    <marc:datafield tag="690" ind1=" " ind2=" ">
      <marc:subfield code="a">Logística</marc:subfield>
    </marc:datafield>
    <marc:datafield tag="690" ind1=" " ind2=" ">
      <marc:subfield code="a">Montevideo</marc:subfield>
    </marc:datafield>
    <marc:datafield tag="690" ind1=" " ind2=" ">
      <marc:subfield code="a">Área Metropolitana de Montevideo</marc:subfield>
    </marc:datafield>
    <marc:datafield tag="690" ind1=" " ind2=" ">
      <marc:subfield code="a">Montevideo Polo Logístico Regional</marc:subfield>
    </marc:datafield>
    <marc:datafield tag="690" ind1=" " ind2=" ">
      <marc:subfield code="a">Investigación</marc:subfield>
    </marc:datafield>
    <marc:datafield tag="690" ind1=" " ind2=" ">
      <marc:subfield code="a">Planificación regional</marc:subfield>
    </marc:datafield>
    <marc:datafield tag="690" ind1=" " ind2=" ">
      <marc:subfield code="a">Áreas metropolitanas</marc:subfield>
    </marc:datafield>
    <marc:datafield tag="690" ind1=" " ind2=" ">
      <marc:subfield code="a">Áreas costeras</marc:subfield>
    </marc:datafield>
    <marc:datafield tag="690" ind1=" " ind2=" ">
      <marc:subfield code="a">Estrategias</marc:subfield>
    </marc:datafield>
    <marc:datafield tag="690" ind1=" " ind2=" ">
      <marc:subfield code="a">Proyectos</marc:subfield>
    </marc:datafield>
    <marc:datafield tag="690" ind1=" " ind2=" ">
      <marc:subfield code="a">Gestión urbana</marc:subfield>
    </marc:datafield>
    <marc:datafield tag="690" ind1=" " ind2=" ">
      <marc:subfield code="a">Intervenciones urbanas</marc:subfield>
    </marc:datafield>
    <marc:datafield tag="690" ind1=" " ind2=" ">
      <marc:subfield code="a">Infraestructura de transporte</marc:subfield>
    </marc:datafield>
    <marc:datafield tag="690" ind1=" " ind2=" ">
      <marc:subfield code="a">Infraestructura portuaria</marc:subfield>
    </marc:datafield>
    <marc:datafield tag="690" ind1=" " ind2=" ">
      <marc:subfield code="a">Ciudades</marc:subfield>
    </marc:datafield>
    <marc:datafield tag="690" ind1=" " ind2=" ">
      <marc:subfield code="a">Urbanismo</marc:subfield>
    </marc:datafield>
    <marc:datafield tag="691" ind1=" " ind2=" ">
      <marc:subfield code="a">Uruguay</marc:subfield>
    </marc:datafield>
    <marc:datafield tag="655" ind1="7" ind2=" ">
      <marc:subfield code="a">info:eu-repo/semantics/masterThesis</marc:subfield>
      <marc:subfield code="2">local</marc:subfield>
    </marc:datafield>
    <marc:datafield tag="655" ind1="7" ind2=" ">
      <marc:subfield code="a">info:ar-repo/semantics/tesis de maestría</marc:subfield>
      <marc:subfield code="2">local</marc:subfield>
    </marc:datafield>
    <marc:datafield tag="655" ind1="7" ind2=" ">
      <marc:subfield code="a">info:eu-repo/semantics/acceptedVersion</marc:subfield>
      <marc:subfield code="2">local</marc:subfield>
    </marc:datafield>
    <marc:datafield tag="100" ind1="1" ind2="0">
      <marc:subfield code="a">Schelotto, Salvador</marc:subfield>
      <marc:subfield code="e">contributor</marc:subfield>
    </marc:datafield>
    <marc:datafield tag="100" ind1="1" ind2="0">
      <marc:subfield code="a">Orduna, Martin</marc:subfield>
      <marc:subfield code="e">contributor</marc:subfield>
    </marc:datafield>
    <marc:datafield tag="100" ind1="1" ind2="0">
      <marc:subfield code="a">Gutiérrez, Andrea Inés</marc:subfield>
      <marc:subfield code="e">contributor</marc:subfield>
    </marc:datafield>
    <marc:datafield tag="100" ind1="1" ind2="0">
      <marc:subfield code="a">Raposo, Isabel María</marc:subfield>
      <marc:subfield code="e">contributor</marc:subfield>
    </marc:datafield>
    <marc:datafield tag="100" ind1="1" ind2="0">
      <marc:subfield code="a">Abriani, Arturo David</marc:subfield>
      <marc:subfield code="e">contributor</marc:subfield>
    </marc:datafield>
    <marc:datafield tag="856" ind1="4" ind2="1">
      <marc:subfield code="u">https://repositoriouba.sisbi.uba.ar/gsdl/collect/aaqmas/index/assoc/HWA_7365.dir/7365.PDF</marc:subfield>
      <marc:subfield code="z">Connect to this object online.</marc:subfield>
    </marc:datafield>
  </marc:record>