
  <marc:record>
    <marc:leader>06415 am a  003973u     </marc:leader>
    <marc:datafield tag="042" ind1=" " ind2=" ">
      <marc:subfield code="a">dc</marc:subfield>
    </marc:datafield>
    <marc:datafield tag="100" ind1="1" ind2="0">
      <marc:subfield code="a">Lozupone, Miguel Alejandro</marc:subfield>
      <marc:subfield code="e">author</marc:subfield>
    </marc:datafield>
    <marc:datafield tag="245" ind1="0" ind2="0">
      <marc:subfield code="a">El modelo de gestión de RSU de la CABA en diez años de la Ley de Basura Cero : un estudio desde la óptica de la economía circular desde 2007 hasta 2017</marc:subfield>
    </marc:datafield>
    <marc:datafield tag="260" ind1=" " ind2=" ">
      <marc:subfield code="b">Universidad de Buenos Aires. Facultad de Arquitectura, Diseño y Urbanismo, </marc:subfield>
      <marc:subfield code="c">2022-05-09.</marc:subfield>
    </marc:datafield>
    <marc:datafield tag="500" ind1=" " ind2=" ">
      <marc:subfield code="a">2007-2017</marc:subfield>
    </marc:datafield>
    <marc:datafield tag="500" ind1=" " ind2=" ">
      <marc:subfield code="a">http://repositoriouba.sisbi.uba.ar/gsdl/cgi-bin/library.cgi?a=d&amp;c=aaqmas&amp;cl=CL1&amp;d=HWA_6841</marc:subfield>
    </marc:datafield>
    <marc:datafield tag="520" ind1=" " ind2=" ">
      <marc:subfield code="a">The management of Urban Solid Waste (MSW) in the Autonomous City of Buenos Aires (CABA) is a pressing issue given the official announcement that the CEAMSE's North III Landfill, where household waste from the CABA and 38 suburban municipalities are disposed of, will soon collapse (Infobae, 2018; La Nación, 2018). This situation, together with the environmental liabilities that continue to accumulate in this landfill, and the recyclable natural resources that continue to be buried, invites us to reflect on how we manage our waste and the reasons why.\nThe purpose of this research paper is to analyze the management model carried out by the City Government since the regulation of Law 1.854, called the ?Zero Waste Law?. The study period goes from 2007 to 2018 when the quantitative goals were modified in the text of the Law, together with the deadlines for compliance with the Law by the City´s Legislature.\nConsidering that during that period the goals contemplated in the text of the Law were not met, it is the objective of this paper to interpret this breach by analyzing the characteristics of the developed model and on what concept (sanitarian, environmental, economic, etc.) is sustained, in order to identify relevant factors that contributed to the failure to achieve the stated objectives and consequently the failure to meet goals.\nIn this study, the statements of all regulations and the actual management practices will be examined to establish whether there were contradictions in their implementation that could have contributed to the failure of the application of the Law. In that regard, we will study all regulations applied during the 10 years of the study period, the decisions that were made, the role of the actors involved, the costs of management and their funding source, the role assigned to the street urban recycling collectors and the rest of the city's population.\nThe relevance of this study lies in pointing out the shortcomings of the adopted model to be able to collaborate in the development of an alternative model that could be successful from the economic-financial, territorial, social, cultural and environmental point of view aiming to the integral sustainability of the system.</marc:subfield>
    </marc:datafield>
    <marc:datafield tag="520" ind1=" " ind2=" ">
      <marc:subfield code="a">Fil: Lozupone, Miguel Alejandro. Universidad de Buenos Aires. Facultad de Arquitectura, Diseño y Urbanismo. Buenos Aires, Argentina</marc:subfield>
    </marc:datafield>
    <marc:datafield tag="520" ind1=" " ind2=" ">
      <marc:subfield code="a">La gestión de los Residuos Sólidos Urbanos (RSU) en la Ciudad Autónoma de Buenos Aires (CABA) es un tema acuciante dado el anuncio oficial de que próximamente colapsará el relleno sanitario Norte III de la Coordinación Ecológica Área Metropolitana Sociedad del Estado (CEAMSE) (Infobae, 2018; La Nación, 2018) adonde se disponen los residuos domiciliarios de la CABA y 381 municipios del conurbano. Esta situación sumada a los pasivos ambientales que se siguen acumulando en este relleno y a los recursos naturales reutilizables que se siguen enterrando, nos invita a reflexionar sobre cómo y por qué gestionamos nuestros residuos.\nEl presente trabajo de investigación tiene por objeto analizar el modelo de gestión llevado adelante por el Gobierno de la Ciudad desde la reglamentación de la Ley 1.854, llamada Ley de Basura Cero, el periodo de estudio va desde el año 2007 hasta el año 2018 cuando fueron modificados los objetivos cuantitativos y plazos de cumplimiento de la Ley por la Legislatura porteña.\nConsiderando que durante ese período no se cumplieron las metas contempladas en el texto original de la Ley, es el objetivo del presente trabajo interpretar este incumplimiento analizando las características del modelo desarrollado, sobre qué concepto (sanitarista, ambiental, economicista, etc.) se encuentra sostenido, y así poder identificar los factores relevantes que contribuyeron a que no se alcanzaran los objetivos enunciados y consecuentemente resultara en el incumplimiento de metas establecidas en el texto de la ley.\nEn ese estudio se examinarán los enunciados de la normativa y cuáles fueron las prácticas reales de la gestión para establecer si existieron contradicciones en su implementación que pudieran haber contribuido al fracaso en la aplicación de la Ley. Para ello, se analizarán los enunciados de toda la normativa aplicada durante los 10 años de su vigencia, las decisiones de gestión que fueron tomadas, el rol de los actores involucrados, los costos de la gestión y su financiamiento, y el rol asignado a los recuperadores urbanos y al resto población de la ciudad.\nLa relevancia del presente estudio se encuentra en señalar las carencias del modelo adoptado para poder colaborar en el desarrollo de un modelo alternativo que sea exitoso desde el punto de vista económico-financiero, territorial, social, cultural y ambiental que apunte a la sustentabilidad integral del sistema.</marc:subfield>
    </marc:datafield>
    <marc:datafield tag="520" ind1=" " ind2=" ">
      <marc:subfield code="a">Magister de la Universidad de Buenos Aires en Gestión Ambiental Metropolitana</marc:subfield>
    </marc:datafield>
    <marc:datafield tag="540" ind1=" " ind2=" ">
      <marc:subfield code="a">info:eu-repo/semantics/openAccess</marc:subfield>
    </marc:datafield>
    <marc:datafield tag="540" ind1=" " ind2=" ">
      <marc:subfield code="a">https://creativecommons.org/licenses/by-nc-nd/2.5/ar/</marc:subfield>
    </marc:datafield>
    <marc:datafield tag="546" ind1=" " ind2=" ">
      <marc:subfield code="a">spa</marc:subfield>
    </marc:datafield>
    <marc:datafield tag="690" ind1=" " ind2=" ">
      <marc:subfield code="a">Gestión ambiental</marc:subfield>
    </marc:datafield>
    <marc:datafield tag="690" ind1=" " ind2=" ">
      <marc:subfield code="a">Normas</marc:subfield>
    </marc:datafield>
    <marc:datafield tag="690" ind1=" " ind2=" ">
      <marc:subfield code="a">Legislación</marc:subfield>
    </marc:datafield>
    <marc:datafield tag="690" ind1=" " ind2=" ">
      <marc:subfield code="a">Residuos urbanos</marc:subfield>
    </marc:datafield>
    <marc:datafield tag="690" ind1=" " ind2=" ">
      <marc:subfield code="a">Historia</marc:subfield>
    </marc:datafield>
    <marc:datafield tag="690" ind1=" " ind2=" ">
      <marc:subfield code="a">Evolución</marc:subfield>
    </marc:datafield>
    <marc:datafield tag="690" ind1=" " ind2=" ">
      <marc:subfield code="a">Desarrollo</marc:subfield>
    </marc:datafield>
    <marc:datafield tag="690" ind1=" " ind2=" ">
      <marc:subfield code="a">Urbanismo</marc:subfield>
    </marc:datafield>
    <marc:datafield tag="691" ind1=" " ind2=" ">
      <marc:subfield code="a">Buenos Aires, Ciudad</marc:subfield>
    </marc:datafield>
    <marc:datafield tag="691" ind1=" " ind2=" ">
      <marc:subfield code="a">Argentina</marc:subfield>
    </marc:datafield>
    <marc:datafield tag="655" ind1="7" ind2=" ">
      <marc:subfield code="a">info:eu-repo/semantics/masterThesis</marc:subfield>
      <marc:subfield code="2">local</marc:subfield>
    </marc:datafield>
    <marc:datafield tag="655" ind1="7" ind2=" ">
      <marc:subfield code="a">info:ar-repo/semantics/tesis de maestría</marc:subfield>
      <marc:subfield code="2">local</marc:subfield>
    </marc:datafield>
    <marc:datafield tag="655" ind1="7" ind2=" ">
      <marc:subfield code="a">info:eu-repo/semantics/acceptedVersion</marc:subfield>
      <marc:subfield code="2">local</marc:subfield>
    </marc:datafield>
    <marc:datafield tag="100" ind1="1" ind2="0">
      <marc:subfield code="a">Paiva, Verónica</marc:subfield>
      <marc:subfield code="e">contributor</marc:subfield>
    </marc:datafield>
    <marc:datafield tag="100" ind1="1" ind2="0">
      <marc:subfield code="a">Saidón, Mariana</marc:subfield>
      <marc:subfield code="e">contributor</marc:subfield>
    </marc:datafield>
    <marc:datafield tag="100" ind1="1" ind2="0">
      <marc:subfield code="a">Mesa, Pablo Edgardo</marc:subfield>
      <marc:subfield code="e">contributor</marc:subfield>
    </marc:datafield>
    <marc:datafield tag="100" ind1="1" ind2="0">
      <marc:subfield code="a">Mozobancyk, Schelica</marc:subfield>
      <marc:subfield code="e">contributor</marc:subfield>
    </marc:datafield>
    <marc:datafield tag="856" ind1="4" ind2="1">
      <marc:subfield code="u">https://repositoriouba.sisbi.uba.ar/gsdl/collect/aaqmas/index/assoc/HWA_6841.dir/6841.PDF</marc:subfield>
      <marc:subfield code="z">Connect to this object online.</marc:subfield>
    </marc:datafield>
  </marc:record>