
  <marc:record>
    <marc:leader>05032 am a  004813u     </marc:leader>
    <marc:datafield tag="042" ind1=" " ind2=" ">
      <marc:subfield code="a">dc</marc:subfield>
    </marc:datafield>
    <marc:datafield tag="100" ind1="1" ind2="0">
      <marc:subfield code="a">Ibañez, María Florencia</marc:subfield>
      <marc:subfield code="e">author</marc:subfield>
    </marc:datafield>
    <marc:datafield tag="245" ind1="0" ind2="0">
      <marc:subfield code="a">Los lenguajes audiovisuales de YouTube : nuevos géneros y formatos en las producciones audiovisuales de youtubers argentinos</marc:subfield>
    </marc:datafield>
    <marc:datafield tag="260" ind1=" " ind2=" ">
      <marc:subfield code="b">Universidad de Buenos Aires. Facultad de Arquitectura, Diseño y Urbanismo, </marc:subfield>
      <marc:subfield code="c">2022-04-22.</marc:subfield>
    </marc:datafield>
    <marc:datafield tag="500" ind1=" " ind2=" ">
      <marc:subfield code="a">http://repositoriouba.sisbi.uba.ar/gsdl/cgi-bin/library.cgi?a=d&amp;c=aaqmas&amp;cl=CL1&amp;d=HWA_6856</marc:subfield>
    </marc:datafield>
    <marc:datafield tag="520" ind1=" " ind2=" ">
      <marc:subfield code="a">This work deals with the possible new genres and formats that reside in variants of audiovisual languages from amateur videos, hosted on the YouTube platform. Circumscribed to a hybridization of discursive genres mediated by the characteristics of Personal Media, the differences around Mass Media (Vacas, 2010) begin to emerge as users become content generators. This dynamic is due to the logic in which Personal Media centre the power on the user, who swarms the web permanently from different receiving devices, such as computers, cell phones and video game consoles; different from the spectator's relationship with the traditional media with which he lives in moments of leisure. \nTherefore, the Internet fosters a construction space of diffuse (or amateur) design, which coexists with expert design (in the hands of professionals) (Manzini, 2015). In a world where connectivity and convergence prevail, this type of design, which does not require academic knowledge of the technique, gives rise to a phenomenon on YouTube: the Youtubers. The content that these users generate is presented as dissimilar around the use of the most traditional Mass Media conventions. It can be inferred that the audiovisual productions of Argentine Youtubers, in particular, are grouped into genres and formats with an amateur aesthetic, and formats that respond to the logic of the web, inserted in a context that distinguishes them from their predecessors.</marc:subfield>
    </marc:datafield>
    <marc:datafield tag="520" ind1=" " ind2=" ">
      <marc:subfield code="a">Fil: Ibañez, María Florencia. Universidad de Buenos Aires. Facultad de Arquitectura, Diseño y Urbanismo. Buenos Aires, Argentina</marc:subfield>
    </marc:datafield>
    <marc:datafield tag="520" ind1=" " ind2=" ">
      <marc:subfield code="a">Este trabajo versa sobre los posibles nuevos géneros y formatos que residen en variantes de los lenguajes audiovisuales provenientes de los videos amateurs, alojados en la plataforma YouTube. Circunscriptos a una hibridación de géneros discursivos mediados por las características propias de los Medios Personales, las diferencias en torno a los Medios Masivos (Vacas, 2010) comienzan a aflorar en tanto los usuarios se convierten en generadores de contenido. Esa dinámica se debe a la lógica en la cual los Medios Personales centran el poder en el usuario, el cual pulula por la web permanentemente desde distintos aparatos receptores, tales como las computadoras, los celulares y las consolas de videojuegos; distinta a la relación del espectador con los medios tradicionales con los que convive en momentos de ocio.\nPor lo tanto, Internet propicia un espacio de construcción de diseño difuso (o amateur), que cohabita con el diseño experto (de la mano de profesionales) (Manzini, 2015). En un mundo donde prima la conectividad y la convergencia, este tipo de diseño, que no requiere un conocimiento académico de la técnica, da lugar a un fenómeno en YouTube: los Youtubers. El contenido que estos usuarios confeccionan se presenta como disímil en torno al uso de las convenciones de los Medios Masivos más tradicionales. Se puede inferir que las producciones audiovisuales de los Youtubers argentinos, particularmente, se agrupan en géneros y formatos con una estética amateur, y formatos que responden a la lógica de la web, insertos en un contexto que los distingue de los predecesores.</marc:subfield>
    </marc:datafield>
    <marc:datafield tag="520" ind1=" " ind2=" ">
      <marc:subfield code="a">Magister de la Universidad de Buenos Aires en Diseño Comunicacional</marc:subfield>
    </marc:datafield>
    <marc:datafield tag="540" ind1=" " ind2=" ">
      <marc:subfield code="a">info:eu-repo/semantics/openAccess</marc:subfield>
    </marc:datafield>
    <marc:datafield tag="540" ind1=" " ind2=" ">
      <marc:subfield code="a">https://creativecommons.org/licenses/by-nc-nd/2.5/ar/</marc:subfield>
    </marc:datafield>
    <marc:datafield tag="546" ind1=" " ind2=" ">
      <marc:subfield code="a">spa</marc:subfield>
    </marc:datafield>
    <marc:datafield tag="690" ind1=" " ind2=" ">
      <marc:subfield code="a">Youtubers</marc:subfield>
    </marc:datafield>
    <marc:datafield tag="690" ind1=" " ind2=" ">
      <marc:subfield code="a">Medios personales/masivos</marc:subfield>
    </marc:datafield>
    <marc:datafield tag="690" ind1=" " ind2=" ">
      <marc:subfield code="a">Diseño difuso/experto</marc:subfield>
    </marc:datafield>
    <marc:datafield tag="690" ind1=" " ind2=" ">
      <marc:subfield code="a">Lenguajes audiovisuales</marc:subfield>
    </marc:datafield>
    <marc:datafield tag="690" ind1=" " ind2=" ">
      <marc:subfield code="a">Géneros y formatos</marc:subfield>
    </marc:datafield>
    <marc:datafield tag="690" ind1=" " ind2=" ">
      <marc:subfield code="a">YouTubers</marc:subfield>
    </marc:datafield>
    <marc:datafield tag="690" ind1=" " ind2=" ">
      <marc:subfield code="a">Personal/mass media</marc:subfield>
    </marc:datafield>
    <marc:datafield tag="690" ind1=" " ind2=" ">
      <marc:subfield code="a">Diffuse/expert design</marc:subfield>
    </marc:datafield>
    <marc:datafield tag="690" ind1=" " ind2=" ">
      <marc:subfield code="a">Audiovisual languages</marc:subfield>
    </marc:datafield>
    <marc:datafield tag="690" ind1=" " ind2=" ">
      <marc:subfield code="a">Genres and formats</marc:subfield>
    </marc:datafield>
    <marc:datafield tag="690" ind1=" " ind2=" ">
      <marc:subfield code="a">Lenguaje</marc:subfield>
    </marc:datafield>
    <marc:datafield tag="690" ind1=" " ind2=" ">
      <marc:subfield code="a">Estética</marc:subfield>
    </marc:datafield>
    <marc:datafield tag="690" ind1=" " ind2=" ">
      <marc:subfield code="a">Diseño</marc:subfield>
    </marc:datafield>
    <marc:datafield tag="690" ind1=" " ind2=" ">
      <marc:subfield code="a">Comunicación</marc:subfield>
    </marc:datafield>
    <marc:datafield tag="690" ind1=" " ind2=" ">
      <marc:subfield code="a">Comunicación audiovisual</marc:subfield>
    </marc:datafield>
    <marc:datafield tag="690" ind1=" " ind2=" ">
      <marc:subfield code="a">Mediatización</marc:subfield>
    </marc:datafield>
    <marc:datafield tag="690" ind1=" " ind2=" ">
      <marc:subfield code="a">Internet</marc:subfield>
    </marc:datafield>
    <marc:datafield tag="691" ind1=" " ind2=" ">
      <marc:subfield code="a">Argentina</marc:subfield>
    </marc:datafield>
    <marc:datafield tag="655" ind1="7" ind2=" ">
      <marc:subfield code="a">info:eu-repo/semantics/masterThesis</marc:subfield>
      <marc:subfield code="2">local</marc:subfield>
    </marc:datafield>
    <marc:datafield tag="655" ind1="7" ind2=" ">
      <marc:subfield code="a">info:ar-repo/semantics/tesis de maestría</marc:subfield>
      <marc:subfield code="2">local</marc:subfield>
    </marc:datafield>
    <marc:datafield tag="655" ind1="7" ind2=" ">
      <marc:subfield code="a">info:eu-repo/semantics/acceptedVersion</marc:subfield>
      <marc:subfield code="2">local</marc:subfield>
    </marc:datafield>
    <marc:datafield tag="100" ind1="1" ind2="0">
      <marc:subfield code="a">Silva, Christian</marc:subfield>
      <marc:subfield code="e">contributor</marc:subfield>
    </marc:datafield>
    <marc:datafield tag="100" ind1="1" ind2="0">
      <marc:subfield code="a">Vázquez Hutnik, Laura Vanesa</marc:subfield>
      <marc:subfield code="e">contributor</marc:subfield>
    </marc:datafield>
    <marc:datafield tag="100" ind1="1" ind2="0">
      <marc:subfield code="a">Daza, José Daniel</marc:subfield>
      <marc:subfield code="e">contributor</marc:subfield>
    </marc:datafield>
    <marc:datafield tag="100" ind1="1" ind2="0">
      <marc:subfield code="a">Tonelli, Julián Eduardo</marc:subfield>
      <marc:subfield code="e">contributor</marc:subfield>
    </marc:datafield>
    <marc:datafield tag="856" ind1="4" ind2="1">
      <marc:subfield code="u">https://repositoriouba.sisbi.uba.ar/gsdl/collect/aaqmas/index/assoc/HWA_6856.dir/6856.PDF</marc:subfield>
      <marc:subfield code="z">Connect to this object online.</marc:subfield>
    </marc:datafield>
  </marc:record>