
  <marc:record>
    <marc:leader>04673 am a  003853u     </marc:leader>
    <marc:datafield tag="042" ind1=" " ind2=" ">
      <marc:subfield code="a">dc</marc:subfield>
    </marc:datafield>
    <marc:datafield tag="100" ind1="1" ind2="0">
      <marc:subfield code="a">Onofrio, María Paula</marc:subfield>
      <marc:subfield code="e">author</marc:subfield>
    </marc:datafield>
    <marc:datafield tag="245" ind1="0" ind2="0">
      <marc:subfield code="a">Redes sociales, retórica visual y legitimación del gobierno bajo la presidencia de Mauricio Macri : el caso de Casa Rosada (2015- 2017)</marc:subfield>
    </marc:datafield>
    <marc:datafield tag="260" ind1=" " ind2=" ">
      <marc:subfield code="b">Universidad de Buenos Aires. Facultad de Arquitectura, Diseño y Urbanismo, </marc:subfield>
      <marc:subfield code="c">2022-06-27.</marc:subfield>
    </marc:datafield>
    <marc:datafield tag="500" ind1=" " ind2=" ">
      <marc:subfield code="a">2015-2019</marc:subfield>
    </marc:datafield>
    <marc:datafield tag="500" ind1=" " ind2=" ">
      <marc:subfield code="a">http://repositoriouba.sisbi.uba.ar/gsdl/cgi-bin/library.cgi?a=d&amp;c=aaqmas&amp;cl=CL1&amp;d=HWA_7010</marc:subfield>
    </marc:datafield>
    <marc:datafield tag="520" ind1=" " ind2=" ">
      <marc:subfield code="a">Within the framework of the theory of social discourse by Marc Angenot (2010), the research aims to contribute to studies on the political imagination deployed by the ruling party Cambiemos (2015-2019). We understand by political imagination not only the inventory of images that said coalition displays in its ways of representing what politics is, but also the mechanisms of interpellation with respect to citizens.\nSpecifically, the thesis studies the communication of the national government through the official accounts of Casa Rosada, in the period between the assumption of Mauricio Macri as president, on December 10, 2015, and the mid-term legislative elections, on December 22, 2015. October 2017. For this, the following social networks are considered: Instagram, Facebook, Twitter and Youtube.\nAs a general conjecture, the work postulates that Cambiemos, as the ruling political party, has synchronously displayed diverse imaginaries that demonstrate a political adaptation to the hypermedia ecosystem of the 21st century. Based on this hypothesis and as a result of the analysis, the thesis presents four dominant argumentative logics in the governmental imaginary of Cambiemos: the proximate Government, the Machine-State, the pastoral Government and the Symbolic Government of the State. The range of these argumentative logics confirms a symbiotic relationship between the political imaginary of Cambiemos and the social imaginary around connective media.</marc:subfield>
    </marc:datafield>
    <marc:datafield tag="520" ind1=" " ind2=" ">
      <marc:subfield code="a">Fil: Onofrio, María Paula. Universidad de Buenos Aires. Facultad de Arquitectura, Diseño y Urbanismo. Buenos Aires, Argentina</marc:subfield>
    </marc:datafield>
    <marc:datafield tag="520" ind1=" " ind2=" ">
      <marc:subfield code="a">En el marco de la teoría del discurso social de Marc Angenot (2010), la investigación se propone contribuir a los estudios sobre la imaginación política desplegada por el partido de gobierno Cambiemos (2015- 2019). Entendemos por imaginación política no solo el inventario de imágenes que dicha coalición despliega en sus modos de representar qué es la política, sino también los mecanismos de interpelación respecto de los ciudadanos.\nEspecíficamente, la tesis estudia la comunicación del gobierno nacional a través de las cuentas oficiales de Casa Rosada, en el periodo entre la asunción de Mauricio Macri como presidente, el 10 de diciembre de 2015, y las elecciones legislativas de medio término, el 22 de octubre de 2017. Para ello, se consideran las siguientes redes sociales: Instagram, Facebook, Twitter y Youtube.\nA modo de conjetura general, el trabajo postula que Cambiemos, como partido político gobernante, ha desplegado sincrónicamente imaginarios diversos que demuestran una adaptación política al ecosistema hipermediático propio del siglo XXI. A partir de esta hipótesis y como resultado del análisis, la tesis presenta cuatro lógicas argumentativas dominantes en el imaginario gubernamental de Cambiemos: el Gobierno próximo, el Estado-Máquina, el Gobierno pastoral y la Simbólica del Estado. El abanico de estas lógicas argumentativas constata una relación simbiótica entre el imaginario político de Cambiemos y el imaginario social en torno a los medios conectivos.</marc:subfield>
    </marc:datafield>
    <marc:datafield tag="520" ind1=" " ind2=" ">
      <marc:subfield code="a">Magister de la Universidad de Buenos Aires en Diseño Comunicacional</marc:subfield>
    </marc:datafield>
    <marc:datafield tag="540" ind1=" " ind2=" ">
      <marc:subfield code="a">info:eu-repo/semantics/openAccess</marc:subfield>
    </marc:datafield>
    <marc:datafield tag="540" ind1=" " ind2=" ">
      <marc:subfield code="a">https://creativecommons.org/licenses/by-nc-nd/2.5/ar/</marc:subfield>
    </marc:datafield>
    <marc:datafield tag="546" ind1=" " ind2=" ">
      <marc:subfield code="a">spa</marc:subfield>
    </marc:datafield>
    <marc:datafield tag="690" ind1=" " ind2=" ">
      <marc:subfield code="a">Investigación</marc:subfield>
    </marc:datafield>
    <marc:datafield tag="690" ind1=" " ind2=" ">
      <marc:subfield code="a">Diseño gráfico</marc:subfield>
    </marc:datafield>
    <marc:datafield tag="690" ind1=" " ind2=" ">
      <marc:subfield code="a">Comunicación</marc:subfield>
    </marc:datafield>
    <marc:datafield tag="690" ind1=" " ind2=" ">
      <marc:subfield code="a">Cultura</marc:subfield>
    </marc:datafield>
    <marc:datafield tag="690" ind1=" " ind2=" ">
      <marc:subfield code="a">Sociedad</marc:subfield>
    </marc:datafield>
    <marc:datafield tag="690" ind1=" " ind2=" ">
      <marc:subfield code="a">Redes sociales</marc:subfield>
    </marc:datafield>
    <marc:datafield tag="690" ind1=" " ind2=" ">
      <marc:subfield code="a">Política</marc:subfield>
    </marc:datafield>
    <marc:datafield tag="690" ind1=" " ind2=" ">
      <marc:subfield code="a">Partidos políticos</marc:subfield>
    </marc:datafield>
    <marc:datafield tag="691" ind1=" " ind2=" ">
      <marc:subfield code="a">Argentina</marc:subfield>
    </marc:datafield>
    <marc:datafield tag="655" ind1="7" ind2=" ">
      <marc:subfield code="a">info:eu-repo/semantics/masterThesis</marc:subfield>
      <marc:subfield code="2">local</marc:subfield>
    </marc:datafield>
    <marc:datafield tag="655" ind1="7" ind2=" ">
      <marc:subfield code="a">info:ar-repo/semantics/tesis de maestría</marc:subfield>
      <marc:subfield code="2">local</marc:subfield>
    </marc:datafield>
    <marc:datafield tag="655" ind1="7" ind2=" ">
      <marc:subfield code="a">info:eu-repo/semantics/acceptedVersion</marc:subfield>
      <marc:subfield code="2">local</marc:subfield>
    </marc:datafield>
    <marc:datafield tag="100" ind1="1" ind2="0">
      <marc:subfield code="a">Dagatti, Mariano</marc:subfield>
      <marc:subfield code="e">contributor</marc:subfield>
    </marc:datafield>
    <marc:datafield tag="100" ind1="1" ind2="0">
      <marc:subfield code="a">Vazquez Hutnik, Laura Vanesa</marc:subfield>
      <marc:subfield code="e">contributor</marc:subfield>
    </marc:datafield>
    <marc:datafield tag="100" ind1="1" ind2="0">
      <marc:subfield code="a">Gandolfo, Amadeo</marc:subfield>
      <marc:subfield code="e">contributor</marc:subfield>
    </marc:datafield>
    <marc:datafield tag="100" ind1="1" ind2="0">
      <marc:subfield code="a">Raimondo Anselmino, Natalia</marc:subfield>
      <marc:subfield code="e">contributor</marc:subfield>
    </marc:datafield>
    <marc:datafield tag="856" ind1="4" ind2="1">
      <marc:subfield code="u">https://repositoriouba.sisbi.uba.ar/gsdl/collect/aaqmas/index/assoc/HWA_7010.dir/7010.PDF</marc:subfield>
      <marc:subfield code="z">Connect to this object online.</marc:subfield>
    </marc:datafield>
  </marc:record>