
  <marc:record>
    <marc:leader>07660 am a  004333u     </marc:leader>
    <marc:datafield tag="042" ind1=" " ind2=" ">
      <marc:subfield code="a">dc</marc:subfield>
    </marc:datafield>
    <marc:datafield tag="100" ind1="1" ind2="0">
      <marc:subfield code="a">Rodríguez Tomietto, Alejandra Macarena</marc:subfield>
      <marc:subfield code="e">author</marc:subfield>
    </marc:datafield>
    <marc:datafield tag="245" ind1="0" ind2="0">
      <marc:subfield code="a">El enfoque territorial en la definición de políticas públicas : el caso del servicio de agua y saneamiento en la Región Metropolitana de Buenos Aires</marc:subfield>
    </marc:datafield>
    <marc:datafield tag="260" ind1=" " ind2=" ">
      <marc:subfield code="b">Universidad de Buenos Aires. Facultad de Arquitectura, Diseño y Urbanismo, </marc:subfield>
      <marc:subfield code="c">2021-07-27.</marc:subfield>
    </marc:datafield>
    <marc:datafield tag="500" ind1=" " ind2=" ">
      <marc:subfield code="a">http://repositoriouba.sisbi.uba.ar/gsdl/cgi-bin/library.cgi?a=d&amp;c=aaqmas&amp;cl=CL1&amp;d=HWA_6980</marc:subfield>
    </marc:datafield>
    <marc:datafield tag="520" ind1=" " ind2=" ">
      <marc:subfield code="a">Why is it that belonging to a specific place becomes a development indicator? Can we continue to think about a ?universal and sustainable? service when we refer to an unequal city model which is has been spreading indefinitely? Is it ?sustainable? to work in only certain areas inside an increasingly spread territory?\nReflecting upon the difficulty of accessing to basic services in many cities of Latin America, the Metropolitan Region of Buenos Aires (MRBA) is at a point in which its possibilities of providing universal and sustainable water and sanitation services is not easily achievable. In addition, the political dependence and the jurisdictional fragmentation affect its effectiveness and efficiency (Pírez, 2000) therefore, having an impact on the quality of life of its inhabitants and their development possibilities. This issue shows sciences and inequality policies which reproduce themselves, become naturalised and stronger in certain areas. For this reason, in order to fully understand development as a comprehensive right to have access to opportunities, theoretical and methodological challenges are required in which the focus on the territory, as opposed to traditional planning ideals, will contribute to reinterpreting conflict as an unforseen (or non-authorised) encounter between certain variables which demand a new level of intelligence in their connections. Likewise, this awakening to complexity requires a number of unprecedented institutional movements which entail questioning the established order. This is the reason why some analysed cases such as the creation of the ?Autoridad de Cuenca Matanza Riachuelo? (ACUMAR) and the regionalisation by Hydrologic Basins designed for the licensed company: ?Agua y Saneamientos Argentinos Sociedad Anónima? (AySA S.A) by University of Buenos Aires (UBA) staff members have become two initiaves which have the potential to lead to institutional innovation as long as power relationships are reconsidered. These are some of the reasons why we consider that ?appropriate urban public policies focused on the territory make it possible to address the economic, social and environmental disbalances as a whole?, (Borja, 2013). As a result of all the abovementioned, working on the city once again ?from and towards? the territory in urbanism (and its ability to transfer knowledge) as much as in politics (understood as instrumentation) resignifies the issue of the water and sanitation service in a broad sense. Sustainability, therefore, will depend on its systemic reprogramming and will encourage to produce in a conscious and innovative way in those areas which will not be understood as blind spots anymore but as starting points.</marc:subfield>
    </marc:datafield>
    <marc:datafield tag="520" ind1=" " ind2=" ">
      <marc:subfield code="a">Fil: Rodríguez Tomietto, Alejandra Macarena. Universidad de Buenos Aires. Facultad de Arquitectura, Diseño y Urbanismo. Buenos Aires, Argentina</marc:subfield>
    </marc:datafield>
    <marc:datafield tag="520" ind1=" " ind2=" ">
      <marc:subfield code="a">¿Por qué el hecho de pertenecer a un determinado lugar conforma un indicador de desarrollo?, ¿Se puede seguir pensando en un servicio ?universal y sustentable? sobre un modelo de ciudad desigual que se reproduce indefinidamente?, ¿Es "sustentable" responder de manera sectorial en un territorio cada vez más extendido?\nEn un contexto de reflexión al respecto de la dificultad de acceso a los servicios básicos que atraviesa a gran parte de las ciudades de América Latina, la Región Metropolitana de Buenos Aires (RMBA) se encuentra en un punto donde el horizonte de universalización y sustentabilidad del servicio de agua y saneamiento resulta cada vez más lejano, a la vez que la dependencia política y la fragmentación jurisdiccional afectan su eficacia y eficiencia (Pírez, 2000) repercutiendo en la calidad de vida de los habitantes y en sus posibilidades de desarrollo. Esta problemática evidencia ciencias y políticas de la desigualdad que se reproducen, naturalizan y refuerzan en los territorios. Por tal motivo, entender al desarrollo como un derecho integral de acceso a oportunidades requiere desafíos teóricos y metodológicos en donde el Enfoque Territorial aporta un nivel de comprensión que, a diferencia de los ideales de la planificación tradicional, reinterpreta al conflicto como el encuentro no anticipado (o no habilitado) de ciertas variables que demandan en su vincularidad un nuevo nivel de inteligencia. Asimismo, este despertar a la multiplicidad exige una serie de movimientos institucionales inéditos que implican el cuestionamiento del orden preestablecido, razón por la cual algunos casos analizados como la conformación de la Autoridad de Cuenca Matanza Riachuelo (ACUMAR) y la propuesta de Regionalización por Cuencas Hídricas elaborada para la concesionaria Agua y Saneamientos Argentinos Sociedad Anónima (AySA S.A) por parte del equipo de la Universidad de Buenos Aires (UBA) conforman iniciativas que tienen el potencial de derivar en innovación institucional en la medida en la que alcancen el replanteo de las relaciones de poder. Por tales motivos, se sostiene que ?adecuadas políticas públicas urbanas con un Enfoque Territorial permiten abordar en su conjunto los desequilibrios económicos, sociales y ambientales? (CEPAL, 2017:22) demandando el rediseño de las políticas públicas, de las instituciones territoriales y el reconocimiento de los derechos ciudadanos (Borja, 2013). En virtud de esto, tanto en la disciplina urbanística (en su capacidad de transferir conocimiento) como en la política (entendida como ámbito de instrumentación) volver a hacer ciudad ?desde y hacia? el territorio resignifica la problemática del servicio de agua y saneamiento en un sentido amplio donde la sustentabilidad ya no dependerá tanto de su planificación, sino de su capacidad de reprogramación sistémica, haciendo una invitación a producir de manera consciente e innovadora en esos sesgos comprendidos, ya no como puntos ciegos, sino como puntos de partida.</marc:subfield>
    </marc:datafield>
    <marc:datafield tag="520" ind1=" " ind2=" ">
      <marc:subfield code="a">Magister de la Universidad de Buenos Aires en Gestión Ambiental Metropolitana</marc:subfield>
    </marc:datafield>
    <marc:datafield tag="540" ind1=" " ind2=" ">
      <marc:subfield code="a">info:eu-repo/semantics/openAccess</marc:subfield>
    </marc:datafield>
    <marc:datafield tag="540" ind1=" " ind2=" ">
      <marc:subfield code="a">https://creativecommons.org/licenses/by-nc-nd/2.5/ar/</marc:subfield>
    </marc:datafield>
    <marc:datafield tag="546" ind1=" " ind2=" ">
      <marc:subfield code="a">spa</marc:subfield>
    </marc:datafield>
    <marc:datafield tag="690" ind1=" " ind2=" ">
      <marc:subfield code="a">Investigación</marc:subfield>
    </marc:datafield>
    <marc:datafield tag="690" ind1=" " ind2=" ">
      <marc:subfield code="a">Gestión ambiental</marc:subfield>
    </marc:datafield>
    <marc:datafield tag="690" ind1=" " ind2=" ">
      <marc:subfield code="a">Planificación urbana</marc:subfield>
    </marc:datafield>
    <marc:datafield tag="690" ind1=" " ind2=" ">
      <marc:subfield code="a">Planificación territorial</marc:subfield>
    </marc:datafield>
    <marc:datafield tag="690" ind1=" " ind2=" ">
      <marc:subfield code="a">Áreas metropolitanas</marc:subfield>
    </marc:datafield>
    <marc:datafield tag="690" ind1=" " ind2=" ">
      <marc:subfield code="a">Áreas suburbanas</marc:subfield>
    </marc:datafield>
    <marc:datafield tag="690" ind1=" " ind2=" ">
      <marc:subfield code="a">Agua</marc:subfield>
    </marc:datafield>
    <marc:datafield tag="690" ind1=" " ind2=" ">
      <marc:subfield code="a">Saneamiento urbano</marc:subfield>
    </marc:datafield>
    <marc:datafield tag="690" ind1=" " ind2=" ">
      <marc:subfield code="a">Desarrollo sustentable</marc:subfield>
    </marc:datafield>
    <marc:datafield tag="690" ind1=" " ind2=" ">
      <marc:subfield code="a">Crecimiento urbano</marc:subfield>
    </marc:datafield>
    <marc:datafield tag="690" ind1=" " ind2=" ">
      <marc:subfield code="a">Urbanismo</marc:subfield>
    </marc:datafield>
    <marc:datafield tag="691" ind1=" " ind2=" ">
      <marc:subfield code="a">Buenos Aires, Ciudad</marc:subfield>
    </marc:datafield>
    <marc:datafield tag="691" ind1=" " ind2=" ">
      <marc:subfield code="a">Buenos Aires, Provincia</marc:subfield>
    </marc:datafield>
    <marc:datafield tag="691" ind1=" " ind2=" ">
      <marc:subfield code="a">Argentina</marc:subfield>
    </marc:datafield>
    <marc:datafield tag="655" ind1="7" ind2=" ">
      <marc:subfield code="a">info:eu-repo/semantics/masterThesis</marc:subfield>
      <marc:subfield code="2">local</marc:subfield>
    </marc:datafield>
    <marc:datafield tag="655" ind1="7" ind2=" ">
      <marc:subfield code="a">info:ar-repo/semantics/tesis de maestría</marc:subfield>
      <marc:subfield code="2">local</marc:subfield>
    </marc:datafield>
    <marc:datafield tag="655" ind1="7" ind2=" ">
      <marc:subfield code="a">info:eu-repo/semantics/acceptedVersion</marc:subfield>
      <marc:subfield code="2">local</marc:subfield>
    </marc:datafield>
    <marc:datafield tag="100" ind1="1" ind2="0">
      <marc:subfield code="a">Pochat, Víctor</marc:subfield>
      <marc:subfield code="e">contributor</marc:subfield>
    </marc:datafield>
    <marc:datafield tag="100" ind1="1" ind2="0">
      <marc:subfield code="a">Szajnberg, Daniela V.</marc:subfield>
      <marc:subfield code="e">contributor</marc:subfield>
    </marc:datafield>
    <marc:datafield tag="100" ind1="1" ind2="0">
      <marc:subfield code="a">Babbo, Luis Osvaldo</marc:subfield>
      <marc:subfield code="e">contributor</marc:subfield>
    </marc:datafield>
    <marc:datafield tag="100" ind1="1" ind2="0">
      <marc:subfield code="a">Lentini, Emilio</marc:subfield>
      <marc:subfield code="e">contributor</marc:subfield>
    </marc:datafield>
    <marc:datafield tag="856" ind1="4" ind2="1">
      <marc:subfield code="u">https://repositoriouba.sisbi.uba.ar/gsdl/collect/aaqmas/index/assoc/HWA_6980.dir/6980.PDF</marc:subfield>
      <marc:subfield code="z">Connect to this object online.</marc:subfield>
    </marc:datafield>
  </marc:record>