
  <marc:record>
    <marc:leader>06334 am a  006253u     </marc:leader>
    <marc:datafield tag="042" ind1=" " ind2=" ">
      <marc:subfield code="a">dc</marc:subfield>
    </marc:datafield>
    <marc:datafield tag="100" ind1="1" ind2="0">
      <marc:subfield code="a">Curcio, Omar Daniel</marc:subfield>
      <marc:subfield code="e">author</marc:subfield>
    </marc:datafield>
    <marc:datafield tag="245" ind1="0" ind2="0">
      <marc:subfield code="a">Condiciones de acceso a la cobertura de salud en el Aglomerado Gran Buenos Aires : asimetrías, inequidades y tendencias desde la última década del s. XX a la actualidad</marc:subfield>
    </marc:datafield>
    <marc:datafield tag="260" ind1=" " ind2=" ">
      <marc:subfield code="b">Universidad de Buenos Aires. Facultad de Arquitectura, Diseño y Urbanismo, </marc:subfield>
      <marc:subfield code="c">2020-11-19.</marc:subfield>
    </marc:datafield>
    <marc:datafield tag="500" ind1=" " ind2=" ">
      <marc:subfield code="a">http://repositoriouba.sisbi.uba.ar/gsdl/cgi-bin/library.cgi?a=d&amp;c=aaqmas&amp;cl=CL1&amp;d=HWA_6840</marc:subfield>
    </marc:datafield>
    <marc:datafield tag="520" ind1=" " ind2=" ">
      <marc:subfield code="a">The main research issue of the present Thesis is related with the characterization of the conditions in which the population of the Greater Buenos Aires Agglomerate (AGBA) - made out by the City of Buenos Aires (C.A.B.A.) plus twenty four near-lying local jurisdictions of the Great Buenos Aires (GBA)- accesses the various health coverage systems, and the asymmetries and inequities that persist from the last decade of the XXth century up to the present, immersed within a referential set of circumstances beginning in the early forties as a contextual starting point of the current reality.\nFor this purpose we position ourselves within a hypothetical-deductivistic epistemic framework, as well as in the qualitative-quantitative option, as long as the information mentioned becomes accessible.\nLikewise we investigate the existing relation between the offer of health coverage presented by the various existing subsystems and how it has mutated in the time lapse considered, involving indicators related to items such as population, health, and health coverage that tend to support the correctness of our hypotheses.\nConsequently, we list a universe of presumptive variables/indicators through which the research process will proceed, based on the Census Series 1991-2001-2010, addressing socioeconomic features that constitute the so-called "social determinants of health", as well as -based on the condition of the population- the indicator of NBI (Unsatisfied Basic Needs) and income, which, although it might not be the most adequate choice regarding the structural shortcomings faced by the population, it is the most feasible in the present level and context of analysis.\nThrough the mentioned diagnosis procedure, we will finally arrive to a series of conclusions that in order to enable ourselves and others the continuity of the present research from some set of diverse treatment perspectives.</marc:subfield>
    </marc:datafield>
    <marc:datafield tag="520" ind1=" " ind2=" ">
      <marc:subfield code="a">Fil: Curcio, Omar Daniel. Universidad de Buenos Aires. Facultad de Arquitectura, Diseño y Urbanismo. Buenos Aires, Argentina</marc:subfield>
    </marc:datafield>
    <marc:datafield tag="520" ind1=" " ind2=" ">
      <marc:subfield code="a">El presente trabajo reconoce como objeto de investigación las condiciones en que la población del Aglomerado Gran Buenos Aires (AGBA) -en su acepción de Ciudad de Buenos Aires (C.A.B.A.) y 24 Partidos del Gran Buenos Aires (GBA) de su Conurbano cercano (v. Vapnarsky, 1998; INDEC, 2003:3-5; 2016)- accede a las variadas coberturas de salud, y las asimetrías e inequidades que persisten en las mismas desde la última década del S. XX a la actualidad, inmersa en un marco referencial espacio/temporal que deviene de los primeros años 40s como punto de partida contextual de la realidad actual.\nA tal efecto nos posicionamos en un encuadre epistémico hipotético-deductivista, así como en la opción cuali-cuantitativa, en la medida en la cual resulte accesible la información arriba aludida.\nDel mismo modo, indagamos en relación a la oferta de cobertura de salud que presentan los diversos subsistemas que la constituyen, y acerca de cómo aquella fue mutando en el horizonte temporal considerado, adoptando indicadores poblacionales, sanitarios y de cobertura que tiendan a sustentar la veracidad de nuestras hipótesis.\nA tales efectos adoptamos un conjunto de variables/indicadores de carácter presuntivo a través de los cuales se concretará el proceso de investigación en base a la Serie Censal 1991/2001/2010, abordando rasgos socioeconómicos que configuran los denominados ?Determinantes Sociales de la Salud? (DSS), como así también en relación a indicadores de NBI e Ingresos, entendiendo que si bien éste último no es el más adecuado para ejemplificar las falencias estructurales que enfrenta la población, es el que resulta factible en el presente nivel y contexto de análisis.\nCon las evidencias constitutivas del diagnóstico hemos de arribar a un conjunto de conclusiones, con vistas a posibilitar tanto a nosotros como a otras personas la prosecución de la investigación que aquí concluye desde diversas ópticas atinentes.</marc:subfield>
    </marc:datafield>
    <marc:datafield tag="520" ind1=" " ind2=" ">
      <marc:subfield code="a">Magister de la Universidad de Buenos Aires en Planificación Urbana y Regional</marc:subfield>
    </marc:datafield>
    <marc:datafield tag="540" ind1=" " ind2=" ">
      <marc:subfield code="a">info:eu-repo/semantics/openAccess</marc:subfield>
    </marc:datafield>
    <marc:datafield tag="540" ind1=" " ind2=" ">
      <marc:subfield code="a">https://creativecommons.org/licenses/by-nc-nd/2.5/ar/</marc:subfield>
    </marc:datafield>
    <marc:datafield tag="546" ind1=" " ind2=" ">
      <marc:subfield code="a">spa</marc:subfield>
    </marc:datafield>
    <marc:datafield tag="690" ind1=" " ind2=" ">
      <marc:subfield code="a">Aglomerado Gran Buenos Aires</marc:subfield>
    </marc:datafield>
    <marc:datafield tag="690" ind1=" " ind2=" ">
      <marc:subfield code="a">Demanda de servicios de salud</marc:subfield>
    </marc:datafield>
    <marc:datafield tag="690" ind1=" " ind2=" ">
      <marc:subfield code="a">Oferta de servicios de salud</marc:subfield>
    </marc:datafield>
    <marc:datafield tag="690" ind1=" " ind2=" ">
      <marc:subfield code="a">Determinantes sociales de salud</marc:subfield>
    </marc:datafield>
    <marc:datafield tag="690" ind1=" " ind2=" ">
      <marc:subfield code="a">Sistemas de salud</marc:subfield>
    </marc:datafield>
    <marc:datafield tag="690" ind1=" " ind2=" ">
      <marc:subfield code="a">Cobertura de salud</marc:subfield>
    </marc:datafield>
    <marc:datafield tag="690" ind1=" " ind2=" ">
      <marc:subfield code="a">Salud pública</marc:subfield>
    </marc:datafield>
    <marc:datafield tag="690" ind1=" " ind2=" ">
      <marc:subfield code="a">Obras sociales</marc:subfield>
    </marc:datafield>
    <marc:datafield tag="690" ind1=" " ind2=" ">
      <marc:subfield code="a">Corporaciones médicas</marc:subfield>
    </marc:datafield>
    <marc:datafield tag="690" ind1=" " ind2=" ">
      <marc:subfield code="a">Sindicatos</marc:subfield>
    </marc:datafield>
    <marc:datafield tag="690" ind1=" " ind2=" ">
      <marc:subfield code="a">Buenos Aires Urban Agglomerate</marc:subfield>
    </marc:datafield>
    <marc:datafield tag="690" ind1=" " ind2=" ">
      <marc:subfield code="a">Health services demand</marc:subfield>
    </marc:datafield>
    <marc:datafield tag="690" ind1=" " ind2=" ">
      <marc:subfield code="a">Health services supply</marc:subfield>
    </marc:datafield>
    <marc:datafield tag="690" ind1=" " ind2=" ">
      <marc:subfield code="a">Social determinants of health</marc:subfield>
    </marc:datafield>
    <marc:datafield tag="690" ind1=" " ind2=" ">
      <marc:subfield code="a">Health systems</marc:subfield>
    </marc:datafield>
    <marc:datafield tag="690" ind1=" " ind2=" ">
      <marc:subfield code="a">Health coverage</marc:subfield>
    </marc:datafield>
    <marc:datafield tag="690" ind1=" " ind2=" ">
      <marc:subfield code="a">Public health</marc:subfield>
    </marc:datafield>
    <marc:datafield tag="690" ind1=" " ind2=" ">
      <marc:subfield code="a">Social services associations</marc:subfield>
    </marc:datafield>
    <marc:datafield tag="690" ind1=" " ind2=" ">
      <marc:subfield code="a">Medical corporations</marc:subfield>
    </marc:datafield>
    <marc:datafield tag="690" ind1=" " ind2=" ">
      <marc:subfield code="a">Workers unions</marc:subfield>
    </marc:datafield>
    <marc:datafield tag="690" ind1=" " ind2=" ">
      <marc:subfield code="a">Urbanismo</marc:subfield>
    </marc:datafield>
    <marc:datafield tag="690" ind1=" " ind2=" ">
      <marc:subfield code="a">Desarrollo</marc:subfield>
    </marc:datafield>
    <marc:datafield tag="690" ind1=" " ind2=" ">
      <marc:subfield code="a">Historia</marc:subfield>
    </marc:datafield>
    <marc:datafield tag="690" ind1=" " ind2=" ">
      <marc:subfield code="a">Evolución</marc:subfield>
    </marc:datafield>
    <marc:datafield tag="690" ind1=" " ind2=" ">
      <marc:subfield code="a">Salud</marc:subfield>
    </marc:datafield>
    <marc:datafield tag="690" ind1=" " ind2=" ">
      <marc:subfield code="a">Salud pública</marc:subfield>
    </marc:datafield>
    <marc:datafield tag="691" ind1=" " ind2=" ">
      <marc:subfield code="a">Argentina</marc:subfield>
    </marc:datafield>
    <marc:datafield tag="691" ind1=" " ind2=" ">
      <marc:subfield code="a">Buenos Aires, Provincia</marc:subfield>
    </marc:datafield>
    <marc:datafield tag="691" ind1=" " ind2=" ">
      <marc:subfield code="a">Siglo XX</marc:subfield>
    </marc:datafield>
    <marc:datafield tag="691" ind1=" " ind2=" ">
      <marc:subfield code="a">Siglo XXI</marc:subfield>
    </marc:datafield>
    <marc:datafield tag="655" ind1="7" ind2=" ">
      <marc:subfield code="a">info:eu-repo/semantics/masterThesis</marc:subfield>
      <marc:subfield code="2">local</marc:subfield>
    </marc:datafield>
    <marc:datafield tag="655" ind1="7" ind2=" ">
      <marc:subfield code="a">info:ar-repo/semantics/tesis de maestría</marc:subfield>
      <marc:subfield code="2">local</marc:subfield>
    </marc:datafield>
    <marc:datafield tag="655" ind1="7" ind2=" ">
      <marc:subfield code="a">info:eu-repo/semantics/acceptedVersion</marc:subfield>
      <marc:subfield code="2">local</marc:subfield>
    </marc:datafield>
    <marc:datafield tag="100" ind1="1" ind2="0">
      <marc:subfield code="a">Ainstein, Luis</marc:subfield>
      <marc:subfield code="e">contributor</marc:subfield>
    </marc:datafield>
    <marc:datafield tag="100" ind1="1" ind2="0">
      <marc:subfield code="a">Crojethovic, María</marc:subfield>
      <marc:subfield code="e">contributor</marc:subfield>
    </marc:datafield>
    <marc:datafield tag="100" ind1="1" ind2="0">
      <marc:subfield code="a">Rodulfo, María Beatriz</marc:subfield>
      <marc:subfield code="e">contributor</marc:subfield>
    </marc:datafield>
    <marc:datafield tag="100" ind1="1" ind2="0">
      <marc:subfield code="a">Egozcue, María Teresa</marc:subfield>
      <marc:subfield code="e">contributor</marc:subfield>
    </marc:datafield>
    <marc:datafield tag="856" ind1="4" ind2="1">
      <marc:subfield code="u">https://repositoriouba.sisbi.uba.ar/gsdl/collect/aaqmas/index/assoc/HWA_6840.dir/6840.PDF</marc:subfield>
      <marc:subfield code="z">Connect to this object online.</marc:subfield>
    </marc:datafield>
  </marc:record>