
  <marc:record>
    <marc:leader>04882 am a  003853u     </marc:leader>
    <marc:datafield tag="042" ind1=" " ind2=" ">
      <marc:subfield code="a">dc</marc:subfield>
    </marc:datafield>
    <marc:datafield tag="100" ind1="1" ind2="0">
      <marc:subfield code="a">Duerto Rosero, Andrés Gonzalo</marc:subfield>
      <marc:subfield code="e">author</marc:subfield>
    </marc:datafield>
    <marc:datafield tag="245" ind1="0" ind2="0">
      <marc:subfield code="a">Conservación ambiental : ¿para quién? : tensiones en el manejo de recursos naturales en la Reserva Ecológica El Ángel en la provincia del Carchi al norte de Ecuador</marc:subfield>
    </marc:datafield>
    <marc:datafield tag="260" ind1=" " ind2=" ">
      <marc:subfield code="b">Universidad de Buenos Aires. Facultad de Arquitectura, Diseño y Urbanismo, </marc:subfield>
      <marc:subfield code="c">2020-09-22.</marc:subfield>
    </marc:datafield>
    <marc:datafield tag="500" ind1=" " ind2=" ">
      <marc:subfield code="a">http://repositoriouba.sisbi.uba.ar/gsdl/cgi-bin/library.cgi?a=d&amp;c=aaqmas&amp;cl=CL1&amp;d=HWA_6842</marc:subfield>
    </marc:datafield>
    <marc:datafield tag="520" ind1=" " ind2=" ">
      <marc:subfield code="a">The El Angel Ecological Reserve is in the province of Carchi in northern Ecuador and was declared in 1992 as a state protected area over the highlands of the watershed of the same name. This declaration had covered lands corresponding to private and community territories. As from then, the Ministry of the Environment implemented a scheme of restriction on the use of natural resources present in those territories; on the one hand, to preserve a unique type of ecosystem in the country such as páramo de frailejones and, on the other, to protect the sources of water that were born from the mountain ecosystems and that supplied much of the populations of the province of Carchi.\nFrom this restrictive State conservation policy established in the territories where the Ecological Reserve is located, this thesis considered to study the needs, interests and relationships between the social actors involved, i.e.: indigenous communes, agricultural associations, farmers, local governments, environmental NGOs and the Ministry of the Environment. The main findings note that the implementation of this conservation model is associated with an inequitable distribution of the benefits of environmental conservation and intensified the fragmentation of relations between social actors. However, the current scenario identifies some nuances of change on which potential axes of articulation are recognized and raised here for a participant management of natural resources.</marc:subfield>
    </marc:datafield>
    <marc:datafield tag="520" ind1=" " ind2=" ">
      <marc:subfield code="a">Fil: Duerto Rosero, Andrés Gonzalo. Universidad de Buenos Aires. Facultad de Arquitectura, Diseño y Urbanismo. Buenos Aires, Argentina</marc:subfield>
    </marc:datafield>
    <marc:datafield tag="520" ind1=" " ind2=" ">
      <marc:subfield code="a">La Reserva Ecológica El Ángel está localizada en la provincia del Carchi al norte de Ecuador y fue declarada en 1992 como un área protegida estatal sobre las tierras altas de la subcuenca hidrográfica del mismo nombre. Ésta fue una declaratoria inconsulta sobre tierras que correspondían a territorios privados -haciendas- y comunitarios - comunas ancestrales indígenas Pasto y asociaciones agrícolas-. A partir de entonces, el Ministerio del Ambiente, desplegó un esquema de restricción en el uso de los recursos naturales presentes en dichos territorios; por un lado, para preservar un tipo de ecosistema único en el país como era el páramo de frailejones y, por otro, para proteger las fuentes de agua que nacían de los ecosistemas de altura y que abastecían a gran parte de las poblaciones de la provincia del Carchi.\nDesde esa política conservacionista restrictiva establecida en los territorios donde se localiza la Reserva, en esta tesis se planteó estudiar las necesidades, intereses y relaciones entre los actores sociales involucrados, es decir: comunas indígenas, asociaciones agrícolas, hacendados, gobiernos locales, ONGs ambientalistas y el Ministerio del Ambiente. Los principales hallazgos dan cuenta de que la implementación de este modelo conservacionista se asocia con una distribución inequitativa de los beneficios de la conservación ambiental e intensificó la fragmentación de las relaciones entre los actores sociales. No obstante, en el escenario actual se identifican algunos matices de cambio sobre los cuales se reconocen y plantean aquí ejes potenciales de articulación para un manejo consensuado de los recursos naturales.</marc:subfield>
    </marc:datafield>
    <marc:datafield tag="520" ind1=" " ind2=" ">
      <marc:subfield code="a">Magister de la Universidad de Buenos Aires en Planificación Urbana y Regional</marc:subfield>
    </marc:datafield>
    <marc:datafield tag="540" ind1=" " ind2=" ">
      <marc:subfield code="a">info:eu-repo/semantics/openAccess</marc:subfield>
    </marc:datafield>
    <marc:datafield tag="540" ind1=" " ind2=" ">
      <marc:subfield code="a">https://creativecommons.org/licenses/by-nc-nd/2.5/ar/</marc:subfield>
    </marc:datafield>
    <marc:datafield tag="546" ind1=" " ind2=" ">
      <marc:subfield code="a">spa</marc:subfield>
    </marc:datafield>
    <marc:datafield tag="690" ind1=" " ind2=" ">
      <marc:subfield code="a">Planificación</marc:subfield>
    </marc:datafield>
    <marc:datafield tag="690" ind1=" " ind2=" ">
      <marc:subfield code="a">Reservas naturales</marc:subfield>
    </marc:datafield>
    <marc:datafield tag="690" ind1=" " ind2=" ">
      <marc:subfield code="a">Reservas nacionales</marc:subfield>
    </marc:datafield>
    <marc:datafield tag="690" ind1=" " ind2=" ">
      <marc:subfield code="a">Ecología</marc:subfield>
    </marc:datafield>
    <marc:datafield tag="690" ind1=" " ind2=" ">
      <marc:subfield code="a">Medio ambiente</marc:subfield>
    </marc:datafield>
    <marc:datafield tag="690" ind1=" " ind2=" ">
      <marc:subfield code="a">Preservación</marc:subfield>
    </marc:datafield>
    <marc:datafield tag="690" ind1=" " ind2=" ">
      <marc:subfield code="a">Urbanismo</marc:subfield>
    </marc:datafield>
    <marc:datafield tag="691" ind1=" " ind2=" ">
      <marc:subfield code="a">Carchi</marc:subfield>
    </marc:datafield>
    <marc:datafield tag="691" ind1=" " ind2=" ">
      <marc:subfield code="a">Ecuador</marc:subfield>
    </marc:datafield>
    <marc:datafield tag="691" ind1=" " ind2=" ">
      <marc:subfield code="a">Reserva Ecológica El Ángel</marc:subfield>
    </marc:datafield>
    <marc:datafield tag="655" ind1="7" ind2=" ">
      <marc:subfield code="a">info:eu-repo/semantics/masterThesis</marc:subfield>
      <marc:subfield code="2">local</marc:subfield>
    </marc:datafield>
    <marc:datafield tag="655" ind1="7" ind2=" ">
      <marc:subfield code="a">info:ar-repo/semantics/tesis de maestría</marc:subfield>
      <marc:subfield code="2">local</marc:subfield>
    </marc:datafield>
    <marc:datafield tag="655" ind1="7" ind2=" ">
      <marc:subfield code="a">info:eu-repo/semantics/acceptedVersion</marc:subfield>
      <marc:subfield code="2">local</marc:subfield>
    </marc:datafield>
    <marc:datafield tag="100" ind1="1" ind2="0">
      <marc:subfield code="a">Karol, Jorge L.</marc:subfield>
      <marc:subfield code="e">contributor</marc:subfield>
    </marc:datafield>
    <marc:datafield tag="100" ind1="1" ind2="0">
      <marc:subfield code="a">Curtit, Guillermo</marc:subfield>
      <marc:subfield code="e">contributor</marc:subfield>
    </marc:datafield>
    <marc:datafield tag="100" ind1="1" ind2="0">
      <marc:subfield code="a">Mesa, Pablo</marc:subfield>
      <marc:subfield code="e">contributor</marc:subfield>
    </marc:datafield>
    <marc:datafield tag="100" ind1="1" ind2="0">
      <marc:subfield code="a">Bombarolo, Félix</marc:subfield>
      <marc:subfield code="e">contributor</marc:subfield>
    </marc:datafield>
    <marc:datafield tag="856" ind1="4" ind2="1">
      <marc:subfield code="u">https://repositoriouba.sisbi.uba.ar/gsdl/collect/aaqmas/index/assoc/HWA_6842.dir/6842.PDF</marc:subfield>
      <marc:subfield code="z">Connect to this object online.</marc:subfield>
    </marc:datafield>
  </marc:record>
</marc:collection>
